%% This BibTeX bibliography file was created using BibDesk.
%% http://bibdesk.sourceforge.net/




%% Created for Florian Wechsung at 2015-06-24 17:00:04 +0200 


@misc{fireshape_zenodo,
  author       = {Florian Wechsung},
  title        = {fireshape/fireshape: Thesis Florian Wechsung},
  year         = 2019,
  doi          = {10.5281/zenodo.3461013},
  url          = {https://doi.org/10.5281/zenodo.3461013},
}

@article{greif_augmented_2003,
	title = {Augmented Lagrangian Techniques for Solving Saddle Point Linear Systems},
	volume = {27},
	pages = {779--792},
	journal = {{SIAM} Journal on Matrix Analysis and Applications},
	author = {Greif, Chen and Golub, Gene H. and Varah, James M.},
	date = {2003}
}


@misc{thesis_numerics_zenodo,
  author       = {Florian Wechsung},
  title        = {florianwechsung/ThesisNumerics: Thesis},
  year         = 2019,
  doi          = {10.5281/zenodo.3463176},
  url          = {https://doi.org/10.5281/zenodo.3463176},
}


@misc{alfi_zenodo,
  author       = {Florian Wechsung},
  title        = {florianwechsung/alfi: Thesis submission},
  year         = 2019,
  doi          = {10.5281/zenodo.3369207},
  url          = {https://doi.org/10.5281/zenodo.3369207},
}

@misc{firedrake_zenodo_software_2019,
	title = {Software used in '{Shape} optimisation examples for '{Shape} {Optimisation} and {Robust} {Solvers} for {Incompressible} {Flow}''},
	url = {https://zenodo.org/record/3369183},
	publisher = {Zenodo},
	author = {{Firedrake-Zenodo}},
	year = {2019},
	doi = {10.5281/zenodo.3369183}
}

@article{guzman_exact_2019,
	title = {Exact sequences on {Powell}-{Sabin} splits},
	journal = {arXiv:1904.05466},
	author = {Guzman, J. and Lischke, A. and Neilan, M.},
	year = {2019},
}

@article{gunnel_note_2014,
	title = {A note on preconditioners and scalar products in {Krylov} subspace methods for self-adjoint problems in {Hilbert} space},
	volume = {41},
	journal = {Electron. Trans. Numer. Anal.},
	author = {G\"unnel, Andreas and Herzog, Roland and Sachs, Ekkehard},
	year = {2014},
	pages = {13--20},
}


@article{herzog_superlinear_2015,
	title = {Superlinear Convergence of {Krylov} Subspace Methods for Self-Adjoint Problems in {Hilbert} Space},
	volume = {53},
	doi = {10.1137/140973050},
	number = {3},
	journal = {SIAM Journal on Numerical Analysis},
	author = {Herzog, Roland and Sachs, Ekkehard},
	year = {2015},
	pages = {1304--1324},
}

@article{xu_method_2001,
	title = {The method of subspace corrections},
	volume = {128},
	doi = {10.1016/S0377-0427(00)00518-5},
	number = {1-2},
	journal = {Journal of Computational and Applied Mathematics},
	author = {Xu, Jinchao},
	year = {2001},
	pages = {335--362}
}

@article{cockburn_locally_2004,
	title = {A locally conservative {LDG} method for the incompressible {Navier}-{Stokes} equations},
	volume = {74},
	doi = {10.1090/S0025-5718-04-01718-1},
	number = {251},
	journal = {Mathematics of Computation},
	author = {Cockburn, Bernardo and Kanschat, Guido and Schötzau, Dominik},
	year = {2004},
	pages = {1067--1096},
}


@article{carrero_hybridized_2005,
	title = {Hybridized globally divergence-free {LDG} methods. {Part I}: The {Stokes} problem},
	volume = {75},
	doi = {10.1090/S0025-5718-05-01804-1},
	number = {254},
	journal = {Mathematics of Computation},
	author = {Carrero, Jesús and Cockburn, Bernardo and Schötzau, Dominik},
	year = {2005},
	pages = {533--564},
}

@article{wang_new_2007,
	title = {New finite element Methods in Computational Fluid Dynamics by {H(div)} Elements},
	volume = {45},
	issn = {0036-1429, 1095-7170},
	doi = {10.1137/060649227},
	number = {3},
	journal = {SIAM Journal on Numerical Analysis},
	author = {Wang, Junping and Ye, Xiu},
	year = {2007},
	pages = {1269--1286}
}

@article{nguyen_hybridizable_2010,
	title = {A hybridizable discontinuous {Galerkin} method for {Stokes} flow},
	volume = {199},
	issn = {00457825},
	doi = {10.1016/j.cma.2009.10.007},
	number = {9-12},
	journal = {Computer Methods in Applied Mechanics and Engineering},
	author = {Nguyen, N.C. and Peraire, J. and Cockburn, B.},
	year = {2010},
	pages = {582--597},
}


@Article{xu1992,
  author =       {Jinchao Xu},
  title =        {Iterative methods by space decomposition and
                  subspace correction},
  journal =      {SIAM Review},
  year =         1992,
  volume =       34,
  number =       4,
  pages =        {581-613},
  doi =          {10.1137/1034116},
}

@article{fortin_analysis_1977,
	title = {An analysis of the convergence of mixed finite element methods},
	volume = {11},
	number = {4},
	journal = {RAIRO. Analyse numérique},
	author = {Fortin, Michel},
	year = {1977},
	pages = {341--354},
    doi = {10.1051/m2an/1977110403411},
}

@book{ern2004,
	address = {New York, NY},
	series = {Applied {Mathematical} {Sciences}},
	title = {Theory and Practice of Finite Elements},
	volume = {159},
	publisher = {Springer New York},
	author = {Ern, Alexandre and Guermond, J.-L.},
	year = {2004},
	doi = {10.1007/978-1-4757-4355-5},
}

@article{girault_quasilocal_2003,
	title = {A quasi-local interpolation operator preserving the discrete divergence},
	volume = {40},
	doi = {10.1007/s100920300000},
	number = {1},
	journal = {Calcolo},
	author = {Girault, V. and Scott, L. R.},
	year = {2003},
	pages = {1--19},
}

@incollection{lube_2008,
	address = {Berlin, Heidelberg},
	title = {Local Projection Stabilization of Finite Element Methods for Incompressible Flows},
	booktitle = {Numerical {Mathematics} and {Advanced} {Applications}},
	publisher = {Springer Berlin Heidelberg},
	author = {Lube, G. and Rapin, G. and Löwe, J.},
	year = {2008},
	doi = {10.1007/978-3-540-69777-0_57},
	pages = {481--488},
}


@inproceedings{becker_twolevel_2004,
	title = {A Two-Level Stabilization Scheme for the {Navier}-{Stokes} Equations},
	booktitle = {Numerical {Mathematics} and {Advanced} {Applications}},
	publisher = {Springer Berlin Heidelberg},
	author = {Becker, Roland and Braack, Malte},
	year = {2004},
	pages = {123--130},
    doi={10.1007/978-3-642-18775-9_9}
}



@article{lehrenfeld_high_2016,
	title = {High order exactly divergence-free Hybrid Discontinuous {Galerkin} Methods for unsteady incompressible flows},
	volume = {307},
	doi = {10.1016/j.cma.2016.04.025},
	journal = {Computer Methods in Applied Mechanics and Engineering},
	author = {Lehrenfeld, Christoph and Schöberl, Joachim},
	year = {2016},
	pages = {339--361},
}


@article{xu_new_2010,
	title = {A New Divergence-Free Interpolation Operator with Applications to the {Darcy}–{Stokes}–{Brinkman} Equations},
	volume = {32},
	doi = {10.1137/090751049},
	number = {2},
	journal = {SIAM Journal on Scientific Computing},
	author = {Xu, Xuejun and Zhang, Shangyou},
	year = {2010},
	pages = {855--874}
}

@article{ruiz-girones_automatically_2019,
	title = {Automatically imposing incremental boundary displacements for valid mesh morphing and curving},
	volume = {112},
	doi = {10.1016/j.cad.2019.01.001},
	journal = {Computer-Aided Design},
	author = {Ruiz-Gironés, Eloi and Gargallo-Peiró, Abel and Sarrate, Josep and Roca, Xevi},
	year = {2019},
	pages = {47--62},
}

@article{wells_discontinuous_2006,
	title = {A discontinuous {Galerkin} method for the {Cahn}–{Hilliard} equation},
	volume = {218},
	doi = {10.1016/j.jcp.2006.03.010},
	number = {2},
	journal = {Journal of Computational Physics},
	author = {Wells, Garth N. and Kuhl, Ellen and Garikipati, Krishna},
	year = {2006},
	pages = {860--877}
}


@article{mitusch_dolfin-adjoint_2019,
	title = {dolfin-adjoint 2018.1: automated adjoints for {FEniCS} and {Firedrake}},
	volume = {4},
	shorttitle = {dolfin-adjoint 2018.1},
	doi = {10.21105/joss.01292},
	number = {38},
	journal = {Journal of Open Source Software},
	author = {Mitusch, Sebastian and Funke, Simon and Dokken, Jørgen},
	year = {2019},
	pages = {1292},
}

@article{helenbrook_mesh_2003,
	title = {Mesh deformation using the biharmonic operator},
	volume = {56},
	doi = {10.1002/nme.595},
	number = {7},
	journal = {International Journal for Numerical Methods in Engineering},
	author = {Helenbrook, Brian T.},
	year = {2003},
	pages = {1007--1021}
}

@article{brenner2005,
	title = {{$C^0$} Interior Penalty Methods for Fourth Order Elliptic Boundary Value Problems on Polygonal Domains},
	volume = {22-23},
	doi = {10.1007/s10915-004-4135-7},
	number = {1-3},
	journal = {Journal of Scientific Computing},
	author = {Brenner, Susanne C. and Sung, Li-Yeng},
	year = {2005},
	pages = {83--118}
}

@incollection{brenner2011,
	address = {Berlin, Heidelberg},
	title = {{$C^0$} Interior Penalty Methods},
	volume = {85},
	booktitle = {Frontiers in {Numerical} {Analysis} - {Durham} 2010},
	publisher = {Springer Berlin Heidelberg},
	author = {Brenner, Susanne C.},
	year = {2011},
	doi = {10.1007/978-3-642-23914-4_2},
	pages = {79--147}
}
@article{siebenborn_algorithmic_2017,
	title = {Algorithmic Aspects of Multigrid Methods for Optimization in Shape Spaces},
	volume = {39},
	doi = {10.1137/16M1104561},
	number = {6},
	journal = {SIAM Journal on Scientific Computing},
	author = {Siebenborn, Martin and Welker, Kathrin},
	year = {2017},
	pages = {B1156--B1177},
}

@article{burman_edge_2006,
	title = {Edge stabilization for the generalized {Stokes} problem: {A} continuous interior penalty method},
	volume = {195},
	shorttitle = {Edge stabilization for the generalized {Stokes} problem},
	doi = {10.1016/j.cma.2005.05.009},
	number = {19},
	journal = {Computer Methods in Applied Mechanics and Engineering},
	author = {Burman, Erik and Hansbo, Peter},
	year = {2006},
	pages = {2393--2410},
}


@article{burman_edge_2004,
	series = {Recent Advances in Stabilized and Multiscale Finite Element Methods},
	title = {Edge stabilization for {Galerkin} approximations of convection–diffusion–reaction problems},
	volume = {193},
	doi = {10.1016/j.cma.2003.12.032},
	number = {15},
	journal = {Computer Methods in Applied Mechanics and Engineering},
	author = {Burman, Erik and Hansbo, Peter},
	year = {2004},
	pages = {1437--1453},
}

@incollection{douglas1976,
	%address = {Berlin, Heidelberg},
	title = {Interior Penalty Procedures for Elliptic and Parabolic {Galerkin} Methods},
	volume = {58},
	booktitle = {Computing {Methods} in {Applied} {Sciences}},
	publisher = {Springer Berlin Heidelberg},
	author = {Douglas, Jim and Dupont, Todd},
	year = {1976},
	doi = {10.1007/BFb0120591},
	pages = {207--216},
}

@article{gelhard_stabilized_2005,
	title = {Stabilized finite element schemes with {LBB}-stable elements for incompressible flows},
	volume = {177},
	doi = {10.1016/j.cam.2004.09.017},
	number = {2},
	journal = {Journal of Computational and Applied Mathematics},
	author = {Gelhard, Tobias and Lube, Gert and Olshanskii, Maxim A. and Starcke, Jan-Hendrik},
	year = {2005},
	pages = {243--267},
}

@article{burman_continuous_2006,
	title = {Continuous Interior Penalty Finite Element Method for {Oseen}'s Equations},
	volume = {44},
	doi = {10.1137/040617686},
	number = {3},
	journal = {SIAM Journal on Numerical Analysis},
	author = {Burman, Erik and Fernández, Miguel A. and Hansbo, Peter},
	year = {2006},
	pages = {1248--1274},
}


@article{hicken_adjoint_2013,
	title = {Adjoint consistency analysis of residual-based variational multiscale methods},
	volume = {255},
	doi = {10.1016/j.jcp.2013.07.039},
	journal = {Journal of Computational Physics},
	author = {Hicken, J. E. and Li, J. and Sahni, O. and Oberai, A. A.},
	year = {2013},
	keywords = {Adjoint consistency, Differentiate-then-discretize, Discretize-then-differentiate, Dual consistency, Functional superconvergence, Variational multiscale method},
	pages = {396--406},
}

@article{arnold_unified_2002,
	title = {Unified Analysis of Discontinuous {Galerkin} Methods for Elliptic Problems},
	volume = {39},
	doi = {10.1137/S0036142901384162},
	number = {5},
	journal = {SIAM Journal on Numerical Analysis},
	author = {Arnold, Douglas N. and Brezzi, Franco and Cockburn, Bernardo and Marini, L. Donatella},
	year = {2002},
	pages = {1749--1779},
}


@article{oliver_analysis_2009,
	title = {Analysis of Dual Consistency for Discontinuous {Galerkin} Discretizations of Source Terms},
	volume = {47},
	doi = {10.1137/080721467},
	number = {5},
	journal = {SIAM Journal on Numerical Analysis},
	author = {Oliver, Todd A. and Darmofal, David L.},
	year = {2009},
	pages = {3507--3525},
}
@article{zhang2004,
	doi = {10.1090/s0025-5718-04-01711-9},
	year = 2004,
	volume = {74},
	number = {250},
	pages = {543--555},
	author = {S. Zhang},
	title = {A new family of stable mixed finite elements for the {3D S}tokes equations},
	journal = {Mathematics of Computation}
}

@phdthesis{qin1994,
	title = {On the Convergence of Some Low Order Mixed Finite Elements for Incompressible Fluids},
	school = {Pennsylvania State University},
	author = {Qin, Jinshui},
	year = {1994},
	file = {Qin-1994-On_the_Convergence_of_Some_Low_Order_Mixed_Finite_Elements_for_Incompressible.pdf:/home/wechsung/Dropbox/Zotero/Qin-1994-On_the_Convergence_of_Some_Low_Order_Mixed_Finite_Elements_for_Incompressible.pdf:application/pdf}
}


@inproceedings{schoberl_robust_1998,
	series = {Lecture {Notes} in {Computational} {Science} and {Engineering}},
	title = {Robust Multigrid Preconditioning for Parameter-Dependent Problems {{I}}: The {Stokes}-Type Case},
	booktitle = {Multigrid {Methods} {V}},
	publisher = {Springer Berlin Heidelberg},
	author = {Schöberl, Joachim},
	year = {1998},
	pages = {260--275},
    doi={10.1007/978-3-642-58734-4_15}
}


@article{vassilevski_multilevel_1992,
	title = {Multilevel iterative methods for mixed finite element discretizations of elliptic problems},
	volume = {63},
	number = {1},
	journal = {Numerische Mathematik},
	author = {Vassilevski, Panayot S and Wang, Junping},
	year = {1992},
	pages = {503--520},
    doi = {10.1007/BF01385872}
}

@article{hiptmair_nodal_2007,
	title = {Nodal Auxiliary Space Preconditioning in {H(curl)} and {H(div)} Spaces},
	volume = {45},
	doi = {10.1137/060660588},
	number = {6},
	journal = {SIAM Journal on Numerical Analysis},
	author = {Hiptmair, Ralf and Xu, Jinchao},
	year = {2007},
	pages = {2483--2509}
}

@inproceedings{hiptmair_overlapping_1997,
	title = {Overlapping {Schwarz} methods for vector valued elliptic problems in three dimensions},
	booktitle = {{IMA} {Volumes} in {Mathematics} and its {Applications}},
	author = {Hiptmair, Ralf and Toselli, Andrea},
	year = {1997},
    doi = {10.1007/978-1-4612-1176-1_8}
}

@article{ewing_analysis_1992,
	title = {Analysis of the {Schwarz} algorithm for mixed finite elements methods},
	volume = {26},
	number = {6},
	journal = {ESAIM: Mathematical Modelling and Numerical Analysis},
	author = {Ewing, Richard E and Wang, Junping},
	year = {1992},
	pages = {739--756},
    doi   = {10.1051/m2an/1992260607391}
}


@article{mitchell_high_2016,
	title = {High level implementation of geometric multigrid solvers for finite element problems: {Applications} in atmospheric modelling},
	volume = {327},
	shorttitle = {High level implementation of geometric multigrid solvers for finite element problems},
	doi = {10.1016/j.jcp.2016.09.037},
	journal = {Journal of Computational Physics},
	author = {Mitchell, Lawrence and Müller, Eike Hermann},
	year = {2016},
	keywords = {(Mixed) finite elements, Atmospheric modelling, Domain-specific compilers, Geometric multigrid, Preconditioner},
	pages = {1--18},
}


@inproceedings{murat_etude_1976,
	series = {Lecture {Notes} in {Computer} {Science}},
	title = {Etude de problemes d'optimal design},
	booktitle = {Optimization {Techniques} {Modeling} and {Optimization} in the {Service} of {Man} {Part} 2},
	publisher = {Springer Berlin Heidelberg},
	author = {Murat, François and Simon, Jacques},
	year = {1976},
	keywords = {June Application, Nous Allons, Route Suite},
	pages = {54--62},
}

@article{simon_differentiation_1980,
	title = {Differentiation with Respect to the Domain in Boundary Value Problems},
	volume = {2},
	doi = {10.1080/01630563.1980.10120631},
	number = {7-8},
	journal = {Numerical Functional Analysis and Optimization},
	author = {Simon, J.},
	year = {1980},
	pages = {649--687},
}


@article{hiptmair_shape_2015,
	title = {Shape Optimization by Pursuing Diffeomorphisms},
	volume = {15},
	doi = {10.1515/cmam-2015-0013},
	number = {3},
	journal = {Computational Methods in Applied Mathematics},
	author = {Hiptmair, Ralf and Paganini, Alberto},
	year = {2015},
}


@article{novruzi_structure_2002,
	title = {Structure of shape derivatives},
	volume = {2},
	doi = {10.1007/s00028-002-8093-y},
	number = {3},
	journal = {Journal of Evolution Equations},
	author = {Novruzi, Arian and Pierre, Michel},
	year = {2002},
	pages = {365--382},
}

@incollection{brandenburg_advanced_2012,
	title = {Advanced Numerical Methods for {PDE} Constrained Optimization with Application to Optimal Design in {Navier} {Stokes} Flow},
	booktitle = {Constrained {Optimization} and {Optimal} {Control} for {Partial} {Differential} {Equations}},
	publisher = {Springer},
	author = {Brandenburg, Christian and Lindemann, Florian and Ulbrich, Michael and Ulbrich, Stefan},
	year = {2012},
	pages = {257--275},
    doi = {10.1007/978-3-0348-0133-1_14}
}


@incollection{brandenburg_continuous_2009,
	title = {A continuous adjoint approach to shape optimization for {Navier} {Stokes} flow},
	booktitle = {Optimal control of coupled systems of partial differential equations},
	publisher = {Springer},
	author = {Brandenburg, Christian and Lindemann, Florian and Ulbrich, Michael and Ulbrich, Stefan},
	year = {2009},
	pages = {35--56},
    doi={10.1007/978-3-7643-8923-9_2}
}

@article{etling_optimum_2018,
	title = {Optimum Experimental Design by Shape Optimization of Specimens in Linear Elasticity},
	volume = {78},
	doi = {10.1137/17M1147743},
	number = {3},
	journal = {SIAM Journal on Applied Mathematics},
	author = {Etling, Tommy and Herzog, Roland},
	year = {2018},
	pages = {1553--1576}
}

@article{etling_first_2018,
	title = {First and Second Order Shape Optimization based on Restricted Mesh Deformations},
	journal = {arXiv:1810.10313},
	author = {Etling, Tommy and Herzog, Roland and Loayza, Estefanía and Wachsmuth, Gerd},
	year = {2018},
}


@inproceedings{samareh_aerodynamic_2004,
	title = {Aerodynamic shape optimization based on free-form deformation},
	booktitle = {10th {AIAA}/{ISSMO} multidisciplinary analysis and optimization conference},
	author = {Samareh, Jamshid},
	year = {2004},
    doi = {10.2514/6.2004-4630}
}

@inproceedings{palacios_large-scale_2015,
	address = {Kissimmee, Florida},
	title = {Large-scale aircraft design using {SU}2},
	doi = {10.2514/6.2015-1946},
	booktitle = {53rd {AIAA} {Aerospace} {Sciences} {Meeting}},
	publisher = {American Institute of Aeronautics and Astronautics},
	author = {Palacios, Francisco and Economon, Thomas D. and Alonso, Juan J.},
	year = {2015},
}


@article{hohmann_shape_2019,
	title = {Shape Optimization of a Polymer Distributor Using an {Eulerian} Residence Time Model},
	volume = {41},
	doi = {10.1137/18M1225847},
	number = {4},
	journal = {SIAM Journal on Scientific Computing},
	author = {Hohmann, Raphael and Leithäuser, Christian},
	year = {2019},
	pages = {B625--B648}
}

@article{morin_adaptive_2012,
	title = {Adaptive finite element method for shape optimization},
	volume = {18},
	doi = {10.1051/cocv/2011192},
	number = {4},
	journal = {ESAIM: Control, Optimisation and Calculus of Variations},
	author = {Morin, Pedro and Nochetto, Ricardo H. and Pauletti, Miguel S. and Verani, Marco},
	year = {2012},
	pages = {1122--1149},
}



@incollection{rizzi_computational_1981,
	address = {Wiesbaden},
	title = {Computational Mesh for Transonic Airfoils},
	booktitle = {Numerical {Methods} for the {Computation} of {Inviscid} {Transonic} {Flows} with {Shock} {Waves}},
	publisher = {Vieweg+Teubner Verlag},
	author = {Rizzi, Arthur},
	year = {1981},
	doi = {10.1007/978-3-663-14008-5_18},
	pages = {222--253}
}

@article{brown_noninteractive_1981,
	title = {A noninteractive method for the automatic generation of finite element meshes using the {Schwarz}-{Christoffel} transformation},
	volume = {25},
	doi = {10.1016/0045-7825(81)90071-2},
	number = {1},
	journal = {Computer Methods in Applied Mechanics and Engineering},
	author = {Brown, P.R.},
	year = {1981},
	pages = {101--126},
}


@article{ives_conformal_1982,
	title = {Conformal grid generation},
	volume = {10-11},
	doi = {10.1016/0096-3003(82)90189-8},
	journal = {Applied Mathematics and Computation},
	author = {Ives, David C.},
	year = {1982},
	pages = {107--135},
}


@incollection{goos_hypre_2002,
	address = {Berlin, Heidelberg},
	title = {hypre: {A} Library of High Performance Preconditioners},
	volume = {2331},
	shorttitle = {hypre},
	booktitle = {Computational {Science} — {ICCS} 2002},
	publisher = {Springer Berlin Heidelberg},
	author = {Falgout, Robert D. and Yang, Ulrike Meier},
	year = {2002},
	doi = {10.1007/3-540-47789-6_66},
	pages = {632--641},
}


@article{andreassen_efficient_2011,
	title = {{Efficient topology optimization in {MATLAB} using 88 lines of code}},
	volume = {{43}},
	doi = {10.1007/s00158-010-0594-7},
	number = {{1}},
	journal = {{Structural and Multidisciplinary Optimization}},
	author = {Andreassen, Erik and Clausen, Anders and Schevenels, Mattias and Lazarov, Boyan S. and Sigmund, Ole},
	year = {2011},
	pages = {1--16},
}

@article{sigmund_99_2001,
	title = {A 99 line topology optimization code written in {MATLAB}},
	volume = {21},
	doi = {10.1007/s001580050176},
	number = {2},
	journal = {Structural and Multidisciplinary Optimization},
	author = {Sigmund, O.},
	year = {2001},
	pages = {120--127}
}

@article{braess1996,
	title = {Stability of saddle point problems with penalty},
	volume = {30},
	doi = {10.1051/m2an/1996300607311},
	number = {6},
	journal = {ESAIM: Mathematical Modelling and Numerical Analysis},
	author = {Braess, Dietrich},
	year = {1996},
	pages = {731--742},
}


@article{burman_stabilized_2008,
	title = {Stabilized finite element schemes for incompressible flow using {Scott}–{Vogelius} elements},
	volume = {58},
	doi = {10.1016/j.apnum.2007.11.001},
	number = {11},
	journal = {Applied Numerical Mathematics},
	author = {Burman, E. and Linke, A.},
	year = {2008},
	pages = {1704--1719},
}


@article{fu_exact_2018,
	title = {Exact smooth piecewise polynomial sequences on {Alfeld} splits},
	journal = {arXiv:1807.05883 [math]},
	author = {Fu, Guosheng and Guzman, Johnny and Neilan, Michael},
	year = {2018},
	note = {arXiv: 1807.05883},
	keywords = {Mathematics - Numerical Analysis},
}

@article{arnold_finite_2006,
	title = {Finite element exterior calculus, homological techniques, and applications},
	volume = {15},
	doi = {10.1017/S0962492906210018},
	journal = {Acta Numerica},
	author = {Arnold, Douglas N. and Falk, Richard S. and Winther, Ragnar},
	year = {2006},
	pages = {1--155}
}


@article{zhang_quadratic_2011,
	title = {Quadratic divergence-free finite elements on {Powell}–{Sabin} tetrahedral grids},
	volume = {48},
	doi = {10.1007/s10092-010-0035-4},
	number = {3},
	journal = {Calcolo},
	author = {Zhang, Shangyou},
	year = {2011},
	pages = {211--244},
}

@article{zhang_p1_2008,
	title = {On the {P1} {Powell}-{Sabin} divergence-free finite element for the {Stokes} equations},
	volume = {26},
	number = {3},
	journal = {Journal of Computational Mathematics},
	author = {Zhang, Shangyou},
	year = {2008},
	pages = {456--470}
}

@article{zhang2011,
	title = {Divergence-free finite elements on tetrahedral grids for {$k\ge6$}},
	volume = {80},
	doi = {10.1090/S0025-5718-2010-02412-3},
	number = {274},
	journal = {Mathematics of Computation},
	author = {Zhang, Shangyou},
	year = {2011},
	pages = {669--669},
}

@article{wu2014,
	title = {Parallel subspace correction methods for nearly singular systems},
	volume = {271},
	doi = {10.1016/j.cam.2014.04.012},
	journal = {Journal of Computational and Applied Mathematics},
	author = {Wu, Jinbiao and Zheng, Hui},
	year = {2014},
	pages = {180--194},
}



@article{lee2009,
	title = {Robust multigrid method for the planar linear elasticity problems},
	volume = {113},
	doi = {10.1007/s00211-009-0232-8},
	number = {3},
	journal = {Numerische Mathematik},
	author = {Lee, Young-Ju and Wu, Jinbiao and Chen, Jinru},
	year = {2009},
	pages = {473--496},
}

@article{ahmed_towards_2018,
	title = {Towards Pressure-Robust Mixed Methods for the Incompressible {Navier} {Stokes} Equations},
	volume = {18},
	doi = {10.1515/cmam-2017-0047},
	number = {3},
	journal = {Computational Methods in Applied Mathematics},
	author = {Ahmed, Naveed and Linke, Alexander and Merdon, Christian},
	year = {2018},
	pages = {353--372},
}
@Article{linke2019,
  author =       {Alexander Linke and Leo G. Rebholz},
  title =        {Pressure-induced locking in mixed methods for
                  time-dependent ({Navier}–){Stokes} equations},
  journal =      {Journal of Computational Physics},
  year =         2019,
  volume =       388,
  pages =        {350-356},
  doi =          {10.1016/j.jcp.2019.03.010},
}


@article{costabel_bogovskii_2010,
	title = {On {Bogovskiĭ} and regularised {Poincaré} integral operators for de {Rham} complexes on {Lipschitz} domains},
	volume = {265},
	doi = {10.1007/s00209-009-0517-8},
	number = {2},
	journal = {Mathematische Zeitschrift},
	author = {Costabel, Martin and McIntosh, Alan},
	year = {2010},
	pages = {297--320},
}

@article{olshanskii_low_2002,
	title = {A low order {Galerkin} finite element method for the {Navier}-{Stokes} equations of steady incompressible flow: a stabilization issue and iterative methods},
	volume = {191},
	doi = {10.1016/S0045-7825(02)00513-3},
	number = {47-48},
	journal = {Computer Methods in Applied Mechanics and Engineering},
	author = {Olshanskii, Maxim A.},
	year = {2002},
	pages = {5515--5536},
}


@article{karakashian_galerkinlagrange_1982,
	title = {On a {Galerkin}–{Lagrange} Multiplier Method for the Stationary {Navier}–{Stokes} Equations},
	volume = {19},
	doi = {10.1137/0719066},
	number = {5},
	journal = {SIAM Journal on Numerical Analysis},
	author = {Karakashian, O.},
	year = {1982},
	pages = {909--923},
}


@article{hager_updating_1989,
	title = {Updating the Inverse of a Matrix},
	volume = {31},
	doi = {10.1137/1031049},
	number = {2},
	journal = {SIAM Review},
	author = {Hager, William W.},
	year = {1989},
	pages = {221--239},
}

@misc{zenodo/Firedrake-20190422.0,
 key   = {zenodo/Firedrake-20190422.0},
 title = {{Software used in 'An augmented Lagrangian preconditioner for the 3D stationary incompressible Navier--Stokes equations at high Reynolds number'}},
 year  = {2019},
 doi   = {10.5281/zenodo.2648604},
 OPTurl   = {https://doi.org/10.5281/zenodo.2648604},
}

@article{john2001,
	title = {Higher-order finite element discretizations in a benchmark problem for incompressible flows},
	volume = {37},
	doi = {10.1002/fld.195},
	number = {8},
	journal = {International Journal for Numerical Methods in Fluids},
	author = {John, Volker and Matthies, Gunar},
	year = {2001},
	pages = {885--903}
}

@techreport{gee2006,
	title = {{ML} 5.0 smoothed aggregation user’s guide},
	institution = {SAND2006-2649, Sandia National Laboratories},
	author = {Gee, Michael W and Siefert, Christopher M and Hu, Jonathan J and Tuminaro, Ray S and Sala, Marzio G},
	year = {2006}
}

@book{patankar1980,
	address = {New York},
	series = {Series in computational methods in mechanics and thermal sciences},
	title = {Numerical Heat Transfer and Fluid Flow},
	publisher = {Hemisphere Publ. Co},
	author = {Patankar, Suhas V.},
	year = {1980},
    doi = {10.1201/9781482234213}
}

@book{boffi2008,
	address = {Berlin, Heidelberg},
	series = {Lecture {Notes} in {Mathematics}},
	title = {Mixed Finite Elements, Compatibility Conditions, and Applications},
	volume = {1939},
	publisher = {Springer Berlin Heidelberg},
	author = {Boffi, Daniele and Brezzi, Franco and Demkowicz, Leszek F. and Durán, Ricardo G. and Falk, Richard S. and Fortin, Michel},
	year = {2008},
	doi = {10.1007/978-3-540-78319-0},
}

@book{olshanskii2014,
	address = {Philadelphia},
	series = {Applied mathematics},
	title = {Iterative Methods for Linear Systems: Theory and Applications},
	publisher = {Society for Industrial and Applied Mathematics},
	author = {Olshanskii, Maksim Aleksandrovich and Tyrtyshnikov, E. E.},
	year = {2014},
    doi = {10.1137/1.9781611973464}
}

@article{he2018,
	title = {Combining the Augmented {Lagrangian} Preconditioner with the {SIMPLE} {Schur} Complement Approximation},
	volume = {40},
	doi = {10.1137/17M1144775},
	number = {3},
	journal = {SIAM Journal on Scientific Computing},
	author = {He, Xin and Vuik, Cornelis and Klaij, Christiaan M.},
	year = {2018},
	pages = {A1362--A1385},
}

@article{zhang_optimal-order_1990,
	title = {Optimal-Order Nonnested Multigrid Methods for Solving Finite Element Equations {{I}}: On Quasi-Uniform Meshes},
	volume = {55},
	doi = {10.2307/2008790},
	number = {191},
	journal = {Mathematics of Computation},
	author = {Zhang, Shangyou},
	year = {1990},
	pages = {23},
}

@book{hackbusch_multi-grid_1985,
	address = {Berlin, Heidelberg},
	series = {Springer {Series} in {Computational} {Mathematics}},
	title = {Multi-{Grid} Methods and Applications},
	volume = {4},
	publisher = {Springer Berlin Heidelberg},
	author = {Hackbusch, Wolfgang},
	year = {1985},
	doi = {10.1007/978-3-662-02427-0}
}

@article{hood_navier-stokes_1974,
	title = {Navier-{Stokes} equations using mixed interpolation},
	journal = {Finite element methods in flow problems},
	author = {Hood, P and Taylor, C},
	year = {1974},
	pages = {121--132}
}

@article{pironneau_optimum_1974,
	title = {On optimum design in fluid mechanics},
	volume = {64},
	doi = {10.1017/S0022112074002023},
	number = {1},
	journal = {Journal of Fluid Mechanics},
	author = {Pironneau, O.},
	year = {1974},
	pages = {97--110},
}

@misc{wechsung_pyrol_nodate,
	title = {{PyROL}},
	url = {https://bitbucket.org/pyrol/pyrol/},
	author = {Wechsung, Florian and Richardson, Chris}
}

@article{nocedal_updating_1980,
	title = {Updating Quasi-{Newton} Matrices with Limited Storage},
	volume = {35},
	doi = {10.2307/2006193},
	number = {151},
	journal = {Mathematics of Computation},
	author = {Nocedal, Jorge},
	year = {1980},
	pages = {773},
}


@article{wathen_fast_1993,
	title = {Fast Iterative Solution of Stabilised {Stokes} Systems. Part {{I}}: Using Simple Diagonal Preconditioners},
	volume = {30},
	doi = {10.1137/0730031},
	number = {3},
	journal = {SIAM Journal on Numerical Analysis},
	author = {Wathen, Andrew and Silvester, David J.},
	year = {1993},
	pages = {630--649}
}


@article{iwaniec_nitsche_2011,
	title = {The {Nitsche} conjecture},
	volume = {24},
	doi = {10.1090/S0894-0347-2010-00685-6},
	number = {2},
	journal = {Journal of the American Mathematical Society},
	author = {Iwaniec, Tadeusz and Kovalev, Leonid V. and Onninen, Jani},
	year = {2011},
	pages = {345--345},
}

@article{schottky_ueber_1877,
	title = {\"Uber die conforme {Abbildung} mehrfach zusammenhängender ebener {Fl\"achen}},
	volume = {83},
	journal = {Journal für die reine und angewandte Mathematik},
	author = {Schottky, Friedrich},
	year = {1877}
}


@book{iwaniec_geometric_2001,
	address = {Oxford ; New York},
	series = {Oxford mathematical monographs},
	title = {Geometric Function Theory and Non-linear Analysis},
	publisher = {Oxford University Press},
	author = {Iwaniec, Tadeusz and Martin, Gaven},
	year = {2001},
    doi = {10.1112/S0024609302241569}
}

@article{begehr_boundary_2005,
	title = {Boundary value problems in complex analysis {{I}}},
	volume = {12},
	journal = {Bol. Asoc. Mat. Venezolana},
	author = {Begehr, Heinrich},
	year = {2005},
	pages = {65--85},
}

@article{formaggia_new_2001,
	title = {New anisotropic a priori error estimates},
	volume = {89},
	doi = {10.1007/s002110100273},
	number = {4},
	journal = {Numerische Mathematik},
	author = {Formaggia, L. and Perotto, S.},
	year = {2001},
	pages = {641--667},
}

@article{pierce_preconditioned_1997,
	title = {Preconditioned Multigrid Methods for Compressible Flow Calculations on Stretched Meshes},
	volume = {136},
	doi = {10.1006/jcph.1997.5772},
	number = {2},
	journal = {Journal of Computational Physics},
	author = {Pierce, Niles A. and Giles, Michael B.},
	year = {1997},
	pages = {425--445},
}
@book{wesseling_introduction_2004,
	address = {Philadelphia},
	edition = {Corr. reprint},
	title = {An Introduction to Multigrid Methods},
	publisher = {R.T. Edwards},
	author = {Wesseling, Pieter},
	year = {2004},
}

@incollection{brandt_guide_1982,
	address = {Berlin, Heidelberg},
	title = {Guide to multigrid development},
	volume = {960},
	booktitle = {Multigrid {Methods}},
	publisher = {Springer Berlin Heidelberg},
	author = {Brandt, Achi},
	year = {1982},
	doi = {10.1007/BFb0069930},
	pages = {220--312},
}

@article{knupp_remarks_2007,
	title = {Remarks on mesh quality, in '45th {AIAA} {Aerospace} {Sciences} {Meeting} and {Exhibit}'},
	journal = {Sandia National Laboratories, New Mexico, USA},
	author = {Knupp, PM},
	year = {2007}
}

@article{kondratev_boundary-value_1988,
	title = {Boundary-value problems for the system of elasticity theory in unbounded domains. {Korn}'s inequalities},
	volume = {43},
	doi = {10.1070/RM1988v043n-05ABEH001945},% added the dash to allow the linebreak
	number = {5},
	journal = {Russian Mathematical Surveys},
	author = {Kondrat'ev, V A and Oleinik, O A},
	year = {1988},
	pages = {65--119},
}

@article{attouch1996viscosity,
	title = {{Viscosity solutions of minimization problems}},
	volume = {{6}},
	doi = {{10.1137/S1052623493 259616}},% added the dash
	number = {{3}},
	journal = {{SIAM Journal on Optimization}},
    author = {Attouch, H},
	year = {1996},
	pages = {769--806}
}

@article{EigelSturm18,
	title = {Reproducing kernel {Hilbert} spaces and variable metric algorithms in {PDE}-constrained shape optimization},
	volume = {33},
	doi = {10.1080/10556788.2017.1314471},
	number = {2},
	journal = {Optimization Methods and Software},
	author = {Eigel, M. and Sturm, K.},
	year = {2018},
	pages = {268--296},
}

@book{conway_functions_1995,
	address = {New York},
	edition = {2nd ed},
	title = {Functions of One Complex Variable},
	number = {11},
	publisher = {Springer-Verlag},
	author = {Conway, John B.},
	year = {1995},
    doi = {10.1007/978-1-4612-6313-5}
}


@article{gray_when_1978,
	title = {When is a Function that Satisfies the {Cauchy}-{Riemann} Equations Analytic?},
	volume = {85},
	doi = {10.2307/2321164},
	number = {4},
	journal = {The American Mathematical Monthly},
	author = {Gray, J. D. and Morris, S. A.},
	year = {1978},
	pages = {246},
}

@book{gamelin_complex_2001,
	address = {New York, NY},
	series = {Undergraduate {Texts} in {Mathematics}},
	title = {Complex {Analysis}},
	publisher = {Springer New York},
	author = {Gamelin, Theodore W.},
	year = {2001},
	doi = {10.1007/978-0-387-21607-2},
}
@inproceedings{dwight2009robust,
	title = {Robust Mesh Deformation using the Linear Elasticity Equations},
	booktitle = {Computational {Fluid} {Dynamics} 2006},
	publisher = {Springer Berlin Heidelberg},
	author = {Dwight, Richard P.},
	year = {2009},
	pages = {401--406},
    doi = {10.1007/978-3-540-92779-2_62}
}
@misc{zenodoFiredrake201808230,
 key   = {zenodo/Firedrake-20180823.0},
 title = {{Software used in 'Automated shape differentiation in the Unified Form Language'}},
 year  = {2018},
 doi   = {10.5281/zenodo.1402622},
 url   = {https://doi.org/10.5281/zenodo.1402622},
}

@inproceedings{amestoy2000mumps,
  title={{MUMPS}: a general purpose distributed memory sparse solver},
  author={Amestoy, Patrick R and Duff, Iain S and L’Excellent, Jean-Yves and Koster, Jacko},
  booktitle={International Workshop on Applied Parallel Computing},
  pages={121--130},
  year={2000},
  organization={Springer},
  doi={10.1007/3-540-70734-4_16}
}

@article{ahrens2005paraview,
  title={Paraview: An end-user tool for large data visualization},
  author={Ahrens, James and Geveci, Berk and Law, Charles},
  journal={The visualization handbook},
  volume={717},
  year={2005},
  publisher={Elsevier M{\"u}nchen},
  doi={10.1016/b978-012387582-2/50038-1}
}

@article{lee2007,
	doi = {10.1142/s0218202507002522},
	year = 2007,
	volume = {17},
	number = {11},
	pages = {1937--1963},
	author = {Y.-J. Lee and J. Wu and J. Xu and L. Zikatanov},
	title = {{Robust} subspace correction methods for nearly singular systems},
	journal = {Mathematical Models and Methods in Applied Sciences}
}

@article{shih1989,
	title = {Effects of grid staggering on numerical schemes},
	volume = {9},
	doi = {https://doi.org/10.1002/fld.1650090206},
	number = {2},
	journal = {International Journal for Numerical Methods in Fluids},
	author = {Shih, TM and Tan, CH and Hwang, BC},
	year = {1989},
	pages = {193--212}
}
@incollection{berggren_unified_2010,
	title = {A unified discrete–continuous sensitivity analysis method for shape optimization},
	volume = {15},
	booktitle = {Applied and Numerical Partial Differential Equations},
	author = {Berggren, Martin},
	year = {2010},
	doi = {10.1007/978-90-481-3239-3_4},
	pages = {25--39}
}

@article{schmidt_efficient_2018,
	title = {Efficient numerical solution of geometric inverse problems involving {Maxwell's} equations using shape derivatives and automatic code generation},
	volume = {40},
	doi = {10.1137/16M110602X},
	number = {2},
	journal = {SIAM Journal on Scientific Computing},
	author = {Schmidt, Stephan and Schütte, Maria and Walther, Andrea},
	year = {2018},
	pages = {B405--B428},
}
@article{schmidt_weak_2018,
	title = {Weak and Strong Form Shape {Hessian's} and Their Automatic Generation},
	volume = {40},
	doi = {10.1137/16M1099972},
	number = {2},
	journal = {SIAM Journal on Scientific Computing},
	author = {Schmidt, Stephan},
	year = {2018},
	pages = {C210--C233},
}

@article{farrell_augmented_2018,
	title = {An augmented {Lagrangian} preconditioner for the {3D} stationary incompressible {Navier}-{Stokes} equations at high {Reynolds} number},
	journal = {SIAM Journal on Scientific Computing},
	author = {Farrell, Patrick E. and Mitchell, Lawrence and Wechsung, Florian},
	year = {2019},
    note = {accepted}
}

@article{scott_norm_1985,
	title = {Norm estimates for a maximal right inverse of the divergence operator in spaces of piecewise polynomials},
	volume = {19},
	doi = {10.1051/m2an/1985190101111},
	number = {1},
	journal = {ESAIM: Mathematical Modelling and Numerical Analysis},
	author = {Scott, L. R. and Vogelius, M.},
	year = {1985},
	pages = {111--143},
}

@article{farrell_automated_2013,
	title = {Automated Derivation of the Adjoint of High-Level Transient Finite Element Programs},
	volume = {35},
	doi = {10.1137/120873558},
	number = {4},
	journal = {SIAM Journal on Scientific Computing},
	author = {Farrell, P. E. and Ham, D. A. and Funke, S. W. and Rognes, M. E.},
	year = {2013},
	pages = {C369--C393},
}

@article{ham_automated_2018,
	title = {Automated shape differentiation in the {Unified} {Form} {Language}},
	journal = {Structural and Multidisciplinary Optimization},
	author = {Ham, David A. and Mitchell, Lawrence and Paganini, Alberto and Wechsung, Florian},
	year = {2019},
	note = {accepted},
}

@book{logg2012automated,
  title={Automated solution of differential equations by the finite element method: The FEniCS book},
  author={Logg, Anders and Mardal, Kent-Andre and Wells, Garth},
  volume={84},
  year={2012},
  publisher={Springer Science \& Business Media},
  doi = {10.1007/978-3-642-23099-8}
}

@misc{zenodo/Firedrake-20180927.0,
 key   = {zenodo/Firedrake-20180927.0},
 title = {{Software used in 'An augmented Lagrangian preconditioner for the 3D stationary incompressible Navier--Stokes equations at high Reynolds number'}},
 year  = {2018},
 doi   = {10.5281/zenodo.1436628},
 OPTurl   = {https://doi.org/10.5281/zenodo.1436628},
}

@misc{zenodo/SSC-20180927.0,
 key = {zenodo/SSC-20180927.0},
 title = {{Subspace corrections in Firedrake and PETSc}},
 year = 2018,
 doi = {10.5281/zenodo.1438768},
 OPTurl = {https://doi.org/10.5281/zenodo.1438768},
}

@article{cockburn2006,
	doi = {10.1007/s10915-006-9107-7},
	year = 2006,
	volume = {31},
	number = {1-2},
	pages = {61--73},
	author = {B. Cockburn and G. Kanschat and D. Sch\"otzau},
	title = {A note on discontinuous {Galerkin} divergence-free solutions of the {Navier}-{Stokes} equations},
	journal = {Journal of Scientific Computing}
}

@misc{guzman2017,
  author =       {J. Guzm\'an and M. Neilan},
  title =        {Inf-sup stable finite elements on barycentric
                  refinements producing divergence--free
                  approximations in arbitrary dimensions},
  year =         2017,
  eprint =       {1710.08044},
  archiveprefix ={arXiv},
  primaryclass = {math.NA}
}

@article{scott1985,
  title={Norm estimates for a maximal right inverse of the divergence operator in spaces of piecewise polynomials},
  author={Scott, L. R. and Vogelius, M.},
  journal={ESAIM: Mathematical Modelling and Numerical Analysis},
  volume={19},
  number={1},
  pages={111--143},
  year={1985},
}

@article{geuzaine2009,
  author = {C. Geuzaine and J.-F. Remacle},
  title = {Gmsh: A {3-D} finite element mesh generator with built-in pre- and post-processing facilities},
  journal = {International Journal for Numerical Methods in Engineering},
  volume = {79},
  number = {11},
  pages = {1309-1331},
  year = {2009},
  doi = {10.1002/nme.2579},
}

@article{elman2014b,
	doi = {10.1137/120891393},
	year = 2014,
	volume = {56},
	number = {2},
	pages = {261--273},
	author = {H. C. Elman and A. Ramage and D. J. Silvester},
	title = {{IFISS}: A computational laboratory for investigating incompressible flow problems},
	journal = {{SIAM} Review}
}

@techreport{knepley2005,
  institution = {Argonne National Laboratory},
  author = {M. G. Knepley and D. A. Karpeev},
  title = {Flexible representation of computational meshes},
  number = {ANL/MCS-P1295-1005},
  year = {2005},
}

@Article{knepley2009,
  author =       {Matthew G. Knepley and Dmitry A. Karpeev},
  title =        {Mesh Algorithms for {PDE} with {Sieve I}: Mesh
                  Distribution},
  journal =      {Scientific Programming},
  year =         2009,
  volume =       17,
  number =       3,
  pages =        {215-230},
  numpages =     16,
  doi =          {10.1155/2009/948613},
  acmid =        1611487,
}

@inproceedings{brown2012,
author={Brown, J. and Knepley, M.G. and May, D.A. and McInnes, L.C. and Smith, B.},
booktitle={2012 11th International Symposium on Parallel and Distributed Computing (ISPDC)},
title={Composable linear solvers for multiphysics},
year={2012},
pages={55-62},
doi={10.1109/ISPDC.2012.16},
}

@inproceedings{may2016,
	doi = {10.1145/2929908.2929913},
	year = 2016,
	author = {D. A. May and P. Sanan and K. Rupp and M. G. Knepley and B. F. Smith},
	title = {Extreme-scale multigrid components within {PETSc}},
	booktitle = {Proceedings of the Platform for Advanced Scientific Computing Conference},
}

@article{li2003b,
     author = {X. S. Li and J. W. Demmel},
     title = {{SuperLU\_DIST}: A scalable distributed-memory sparse direct
              solver for unsymmetric linear systems},
     journal = {ACM Transactions on Mathematical Software},
     volume = {29},
     number = {2},
     pages = {110--140},
     year = 2003,
     doi = {10.1145/779359.779361}
}


@article{saad1993,
author = {Saad, Y.},
title = {A flexible inner-outer preconditioned {GMRES} algorithm},
journal = {SIAM Journal on Scientific Computing},
volume = {14},
number = {2},
pages = {461--469},
year = {1993},
doi = {10.1137/0914028},
}

@article{brune2015,
author = {P. R. Brune and M. G. Knepley and B. F. Smith and X. Tu},
title = {Composing scalable nonlinear algebraic solvers},
journal = {SIAM Review},
volume = {57},
number = {4},
pages = {535--565},
year = {2015},
doi = {10.1137/130936725},
}

@Book{hackbusch1994,
  author =       {W. Hackbusch},
  title =        {Iterative solution of large sparse systems of
                  equations},
  publisher =    {Springer-Verlag Berlin Heidelberg},
  year =         2016,
  volume =       95,
  series =       {Springer Series in Applied Mathematical Sciences},
  edition =      {second},
  doi =          {10.1007/978-3-319-28483-5},
}

@article{elman2003,
	doi = {10.1023/b:bitn.0000014565.86918.df},
	year = 2003,
	volume = {43},
	number = {5},
	pages = {961--974},
	author = {H. C. Elman and D. Loghin and A. J. Wathen},
	title = {Preconditioning techniques for {Newton}'s method for the incompressible {Navier}-{Stokes} equations},
	journal = {{BIT} Numerical Mathematics}
}

@article{wu2006,
	doi = {10.1137/060662940},
	year = 2006,
	volume = {28},
	number = {6},
	pages = {2208--2228},
	author = {C.-T. Wu and H. C. Elman},
	title = {Analysis and comparison of geometric and algebraic multigrid for convection-diffusion equations},
	journal = {{SIAM} Journal on Scientific Computing}
}

@article{olshanskii2004,
	doi = {10.1137/s0036142902418679},
	year = 2004,
	volume = {42},
	number = {3},
	pages = {1261--1291},
	author = {M. A. Olshanskii and A. Reusken},
	title = {Convergence Analysis of a Multigrid Method for a Convection-Dominated Model Problem},
	journal = {{SIAM} Journal on Numerical Analysis}
}

@article{scott1990,
  author = {Scott, L. R. and Zhang, S.},
  title = {Finite element interpolation of nonsmooth functions satisfying boundary conditions},
  journal = {Mathematics of Computation},
  volume = {54},
  number = {190},
  pages = {483--493},
  year = {1990},
  doi = {10.1090/S0025-5718-1990-1011446-7}
}

@article{arnold2000,
	doi = {10.1007/pl00005386},
	year = 2000,
	volume = {85},
	number = {2},
	pages = {197--217},
	author = {D. N. Arnold and R. S. Falk and R. Winther},
	title = {Multigrid in {$H(\mathrm{div})$} and {$H(\mathrm{curl})$}},
	journal = {Numerische Mathematik}
}

@phdthesis{schoberl1999b,
  address = {Linz, Austria},
  school = {Johannes Kepler Universit\"at Linz},
  author = {J. Sch\"oberl},
  title = {Robust Multigrid Methods for Parameter Dependent Problems},
  year = {1999},
}

@article{bacuta2006,
	doi = {10.1137/050630714},
	year = 2006,
	volume = {44},
	number = {6},
	pages = {2633--2649},
	author = {C. Bacuta},
	title = {A unified approach for {U}zawa algorithms},
	journal = {{SIAM} Journal on Numerical Analysis}
}

@book{girault1986,
  Author = {V. Girault and P.-A. Raviart},
  Title = {Finite Element Methods for {Navier}-{Stokes} Equations: Theory and Algorithms},
  Publisher = {Springer},
  Series = {Springer Series in Computational Mathematics},
  Volume = {5},
  Year = {1986},
  doi = {10.1002/zamm.19870671119}
}

@article{loghin2004,
	title = {Analysis of {preconditioners} for {saddle}-{point} {problems}},
	volume = {25},
	doi = {10.1137/S1064827502418203},
	number = {6},
	journal = {SIAM Journal on Scientific Computing},
	author = {Loghin, D. and Wathen, A. J.},
	year = {2004},
	pages = {2029--2049},
}


@article{eiermann2001,
	title = {Geometric aspects of the theory of {Krylov} subspace methods},
	volume = {10},
	doi = {10.1017/S096249290100-0046},%added the dash
	journal = {Acta Numerica},
	author = {Eiermann, M. and Ernst, O. G.},
	year = {2001},
}

@article{starke1997,
	title = {Field-of-values analysis of preconditioned iterative methods for nonsymmetric elliptic problems},
	volume = {78},
	doi = {10.1007/s002110050306},
	number = {1},
	journal = {Numerische Mathematik},
	author = {Starke, G.},
	year = {1997},
	pages = {103--117},
}

@article{greenbaum1996,
author = {A. Greenbaum and V. Pt\'ak and Z. Strako{\v{s}}},
title = {Any nonincreasing convergence curve is possible for {GMRES}},
journal = {SIAM Journal on Matrix Analysis and Applications},
volume = {17},
number = {3},
pages = {465--469},
year = {1996},
doi = {10.1137/S0895479894275030},
}

@article{hiptmair1997,
  title={Multigrid method for {$\mathbf{H}(\mathbf{div})$} in three dimensions},
  author={Hiptmair, R.},
  journal={Electronic Transactions on Numerical Analysis},
  volume={6},
  number={1},
  pages={133--152},
  year={1997}
}

@article{arnold1997,
  title={Preconditioning in {$H(\text{div})$} and applications},
  author={Arnold, D. N. and Falk, R. S. and Winther, R.},
  journal={Mathematics of Computation},
  volume={66},
  number={219},
  pages={957--984},
  doi={10.1090/S0025-5718-97-00826-0},
  year={1997}
}

@article{bernardi1985,
	doi = {10.2307/2007793},
	year = 1985,
	volume = {44},
	number = {169},
	pages = {71-79},
	author = {C. Bernardi and G. Raugel},
	title = {Analysis of Some Finite Elements for the {Stokes} Problem},
	journal = {Mathematics of Computation}
}

@article{bernardi1985b,
  title={A Conforming Finite Element Method for the Time-Dependent {Navier}–{Stokes} Equations},
  author={C. Bernardi and G. Raugel},
  journal={SIAM Journal on Numerical Analysis},
  volume={22},
  number={3},
  pages={455--473},
  year={1985},
  doi={10.1137/0722027}
}

@book{brezzi1991,
	doi = {10.1007/978-1-4612-3172-1},
	year = 1991,
	publisher = {Springer New York},
	author = {F. Brezzi and M. Fortin},
	series = {Springer Series in Computational Mathematics},
	volume = {15},
	title = {Mixed and Hybrid Finite Element Methods}
}


@article{case2011,
	doi = {10.1137/100794250},
	year = 2011,
	volume = {49},
	number = {4},
	pages = {1461--1481},
	author = {M. A. Case and V. J. Ervin and A. Linke and L. G. Rebholz},
	title = {A Connection Between {S}cott-{V}ogelius and Grad-Div Stabilized {Taylor}-{Hood} {FE} Approximations of the {Navier}-{Stokes} Equations},
	journal = {{SIAM} Journal on Numerical Analysis}
}

@article{shakib1991,
	doi = {10.1016/0045-7825(91)90041-4},
	year = 1991,
	volume = {89},
	number = {1-3},
	pages = {141--219},
	author = {F. Shakib and T. J. R. Hughes and Z. Johan},
	title = {A new finite element formulation for computational fluid dynamics: {{X}}. {T}he compressible {Euler} and {Navier}-{Stokes} equations},
	journal = {Computer Methods in Applied Mechanics and Engineering}
}

@article{ramage1999,
	doi = {10.1016/s0377-0427(99)00234-4},
	year = 1999,
	volume = {110},
	number = {1},
	pages = {187--203},
	author = {A. Ramage},
	title = {A multigrid preconditioner for stabilised discretisations of advection-diffusion problems},
	journal = {Journal of Computational and Applied Mathematics}
}

@book{quarteroni2008,
  Author = {A. Quarteroni and A. Valli},
  Title = {Numerical Approximation of Partial Differential Equations},
  series = {Springer Series in Computational Mathematics},
  volume = {23},
  Publisher = {Springer},
  Year = {2008},
  doi = {10.1007/978-3-540-85268-1}
}

@article{brooks1982,
	doi = {10.1016/0045-7825(82)90071-8},
	year = 1982,
	volume = {32},
	number = {1-3},
	pages = {199--259},
	author = {A. N. Brooks and T. J. R. Hughes},
	title = {Streamline upwind/{Petrov-Galerkin} formulations for convection dominated flows with particular emphasis on the incompressible {Navier--Stokes} equations},
	journal = {Computer Methods in Applied Mechanics and Engineering}
}

%%%%%%%%%%%%%%%%%%

@article{kirby2018,
  author =       {R. C. Kirby and L. Mitchell},
  title =        {{Solver composition across the PDE/linear algebra
                  barrier}},
  journal =      {SIAM Journal on Scientific Computing},
  year =         2018,
  volume =       40,
  number =       1,
  pages =        {C76-C98},
  doi =          {10.1137/17M1133208},
}

@article{kirby2004,
 author = {Kirby, R. C.},
 title = {Algorithm 839: {FIAT}, a new paradigm for computing finite element basis functions},
 journal = {ACM Transactions on Mathematical Software},
 volume = {30},
 number = {4},
 year = {2004},
 pages = {502--516},
 doi = {10.1145/1039813.1039820}
} 


@article{homolya2017,
  author =       {M. Homolya and L. Mitchell and F.
                  Luporini and D. A. Ham},
  title =        {{TSFC: a structure-preserving form compiler}},
  journal =      {SIAM Journal on Scientific Computing},
  year =         2018,
  volume =       40,
  number =       3,
  pages =        {C401-C428},
  doi =          {10.1137/17M1130642},
  archiveprefix ={arXiv},
  eprint =       {1705.03667},
  primaryclass = {cs.MS},
}

@article{alnaes2012,
  doi = {10.1145/2566630},
  author = {M. S. Aln\ae{}s and A. Logg and K. B. {\O}lgaard and M. E. Rognes and G. N. Wells},
  title = {{U}nified {Form} {Language}: A domain-specific language for weak formulations of partial differential equations},
  journal = {ACM Transactions on Mathematical Software},
  year = {2014},
  volume = {40},
  number = {2},
  pages = {9:1--9:37},
}

@article{he2011,
	doi = {10.1007/s10543-011-0334-4},
	year = 2011,
	volume = {51},
	number = {4},
	pages = {865--888},
	author = {X. He and M. Neytcheva and S. Serra Capizzano},
	title = {On an augmented {Lagrangian}-based preconditioning of {Oseen} type problems},
	journal = {{BIT} Numerical Mathematics}
}

@article{borm2010,
	doi = {10.1002/fld.2495},
	year = 2010,
	volume = {68},
	number = {1},
	pages = {83--98},
	author = {S. B\"orm and S. Le Borne},
	title = {{$\mathcal{H}$}-{LU} factorization in preconditioners for augmented {Lagrangian} and grad-div stabilized saddle point systems},
	journal = {International Journal for Numerical Methods in Fluids},
}

@article{urrehman2008,
	doi = {10.1002/fld.1684},
	year = 2008,
	volume = {57},
	number = {12},
	pages = {1731--1751},
	author = {M. ur Rehman and C. Vuik and G. Segal},
	title = {A comparison of preconditioners for incompressible {Navier}-{Stokes} solvers},
	journal = {International Journal for Numerical Methods in Fluids}
}

@article{deniet2007,
	doi = {10.1002/fld.1401},
	year = 2007,
	volume = {54},
	number = {4},
	pages = {355--377},
	author = {A. C. de Niet and F. W. Wubs},
	title = {Two preconditioners for saddle point problems in fluid flows},
	journal = {International Journal for Numerical Methods in Fluids}
}

@article{benzi2011,
	doi = {10.1002/fld.2267},
	year = 2011,
	volume = {66},
	number = {4},
	pages = {486--508},
	author = {M. Benzi and M. A. Olshanskii and Z. Wang},
	title = {Modified augmented {Lagrangian} preconditioners for the incompressible {Navier}-{Stokes} equations},
	journal = {International Journal for Numerical Methods in Fluids}
}


@article{hamilton2010,
	doi = {10.1002/nla.707},
	year = 2010,
	author = {S. Hamilton and M. Benzi and E. Haber},
	title = {New multigrid smoothers for the {Oseen} problem},
	journal = {Numerical Linear Algebra with Applications},
    pages = {557--576}
}

@article{schoberl1999,
	doi = {10.1007/s002110050465},
	year = 1999,
	volume = {84},
	number = {1},
	pages = {97--119},
	author = {J. Sch\"oberl},
	title = {Multigrid methods for a parameter dependent problem in primal variables},
	journal = {Numerische Mathematik}
}

@article{chorin1967,
	doi = {10.1016/0021-9991(67)90037-x},
	year = 1967,
	volume = {2},
	number = {1},
	pages = {12--26},
	author = {A. J. Chorin},
	title = {A numerical method for solving incompressible viscous flow problems},
	journal = {Journal of Computational Physics}
}

@book{brenner2008,
  title={The Mathematical Theory of Finite Element Methods},
  author={Brenner, S. C. and Scott, L. R.},
  volume={15},
  series={Texts in Applied Mathematics},
  year={2008},
  edition={Third edition},
  publisher={Springer-Verlag New York},
  doi={10.1007/978-0-387-75934-0}
}

@article{temam1968,
  title={Une m{\'e}thode d'approximation de la solution des {\'e}quations de {Navier--Stokes}},
  author={Temam, R.},
  journal={Bulletin de la Soci\'et\'e Math\'ematique de France},
  volume={98},
  number={4},
  pages={115--152},
  year={1968},
  doi = {10.24033/bsmf.1662}
}

@article{boffi1997,
	doi = {10.1007/s002110050246},
	year = 1997,
	publisher = {Springer Nature},
	volume = {75},
	number = {4},
	pages = {405--419},
	author = {D. Boffi and C. Lovadina},
	title = {Analysis of new augmented {Lagrangian} formulations for mixed finite element schemes},
	journal = {Numerische Mathematik}
}

@article{john2017,
	doi = {10.1137/15m1047696},
	year = 2017,
	volume = {59},
	number = {3},
	pages = {492--544},
	author = {V. John and A. Linke and C. Merdon and M. Neilan and L. G. Rebholz},
	title = {On the divergence constraint in mixed finite element methods for incompressible flows},
	journal = {{SIAM} Review}
}

@article{heister2012,
	doi = {10.1002/fld.3654},
	year = 2012,
	publisher = {Wiley-Blackwell},
	volume = {71},
	number = {1},
	pages = {118--134},
	author = {T. Heister and G. Rapin},
	title = {Efficient augmented {Lagrangian}-type preconditioning for the {Oseen} problem using Grad-Div stabilization},
	journal = {International Journal for Numerical Methods in Fluids}
}


@article{kobelkov1995,
	doi = {10.1515/rnam.1995.10.1.33},
	year = 1995,
	volume = {10},
	number = {1},
	author = {G. M. Kobel'kov},
	title = {On solving the {Navier--Stokes} equations at large {Reynolds} numbers},
	journal = {Russian Journal of Numerical Analysis and Mathematical Modelling}
}

@book{fortin1983,
  Author = {M. Fortin and R. Glowinski},
  Title = {Augmented {Lagrangian} Methods: Applications to the Numerical Solution of Boundary-Value Problems},
  Series = {Studies in Mathematics and Its Applications},
  Volume = {15},
  Publisher = {Elsevier Science Ltd},
  Year = {1983},
  doi = {10.1002/zamm.19850651211}
}

@article{benzi2011b,
author = {M. Benzi and M. A. Olshanskii},
title = {Field-of-Values Convergence Analysis of Augmented {Lagrangian} Preconditioners for the Linearized {Navier}--{Stokes} Problem},
journal = {SIAM Journal of Numerical Analysis},
volume = {49},
number = {2},
pages = {770--788},
year = {2011},
doi = {10.1137/100806485},
}

@article{olshanskii2008,
	doi = {10.1137/070691851},
	year = 2008,
	volume = {30},
	number = {3},
	pages = {1459--1473},
	author = {M. A. Olshanskii and M. Benzi},
	title = {An Augmented {Lagrangian} Approach to Linearized Problems in Hydrodynamic Stability},
	journal = {{SIAM} Journal on Scientific Computing}
}

@article{olshanskii2003,
	doi = {10.1090/s0025-5718-03-01629-6},
	year = 2003,
	volume = {73},
	number = {248},
	pages = {1699--1719},
	author = {M. A. Olshanskii and A. Reusken},
	title = {Grad-div stablilization for {Stokes} equations},
	journal = {Mathematics of Computation}
}


@article{elman2006,
	doi = {10.1137/040608817},
	year = 2006,
	volume = {27},
	number = {5},
	pages = {1651--1668},
	author = {H. C. Elman and V. E. Howle and J. Shadid and R. Shuttleworth and R. Tuminaro},
	title = {Block Preconditioners Based on Approximate Commutators},
	journal = {{SIAM} Journal on Scientific Computing}
}

@article{kay2002,
author = {Kay, D. and Loghin, D. and Wathen, A.},
title = {A preconditioner for the steady-state {Navier--Stokes} equations},
journal = {SIAM Journal on Scientific Computing},
volume = {24},
number = {1},
pages = {237--256},
year = {2002},
doi = {10.1137/S106482759935808X},
}

@article{elman1996,
	doi = {10.1137/0917004},
	year = 1996,
	volume = {17},
	number = {1},
	pages = {33--46},
	author = {H. C. Elman and D. Silvester},
	title = {Fast Nonsymmetric Iterations and Preconditioning for {Navier}-{Stokes} Equations},
	journal = {{SIAM} Journal on Scientific Computing}
}

@article{silvester1994,
author = {D. Silvester and A. J. Wathen},
title = {Fast iterative solution of stabilised {Stokes} systems. {Part II}: {U}sing general block preconditioners},
journal = {SIAM Journal on Numerical Analysis},
volume = {31},
number = {5},
pages = {1352--1367},
year = {1994},
doi = {10.1137/0731070},
}

@article{mardal2011,
author = {Mardal, K.-A. and Winther, R.},
title = {Preconditioning discretizations of systems of partial differential equations},
journal = {Numerical Linear Algebra with Applications},
volume = {18},
number = {1},
doi = {10.1002/nla.716},
pages = {1--40},
year = {2011},
}

@article{wathen2015,
author = {Wathen, A. J.},
title = {Preconditioning},
journal = {Acta Numerica},
volume = {24},
year = {2015},
pages = {329--376},
doi = {10.1017/S0962492915000021},
}

@article{benzi2005,
author = {Benzi, M. and Golub, G. H. and Liesen, J.},
title = {Numerical solution of saddle point problems},
journal = {Acta Numerica},
volume = {14},
year = {2005},
pages = {1--137},
doi = {10.1017/S0962492904-000212},%added the dash for linebreak
}

@article{ipsen2001,
author = {I. C. F. Ipsen},
title = {A note on preconditioning nonsymmetric matrices},
journal = {SIAM Journal on Scientific Computing},
volume = {23},
number = {3},
pages = {1050--1051},
year = {2001},
doi = {10.1137/S1064827500377435},
}

@article{murphy2000,
author = {M. F. Murphy and G. H. Golub and A. J. Wathen},
title = {A note on preconditioning for indefinite linear systems},
journal = {SIAM Journal on Scientific Computing},
volume = {21},
number = {6},
pages = {1969-1972},
year = {2000},
doi = {10.1137/S1064827599355153},
}


@article{benzi2006,
	title = {An augmented {Lagrangian}-based approach to the {Oseen} problem},
	volume = {28},
	doi = {10.1137/050646421},
	number = {6},
	journal = {SIAM Journal on Scientific Computing},
	author = {Benzi, Michele and Olshanskii, Maxim A},
	year = {2006},
	keywords = {navier, stokes equations, finite element, iterative methods, multigrid, precondi-},
	pages = {2095--2113},
}

@article{braess1997,
	title = {An efficient smoother for the {Stokes} problem},
	volume = {23},
	doi = {10.1016/S0168-9274(96)00059-1},
	number = {1},
	journal = {Applied Numerical Mathematics},
	author = {Braess, D. and Sarazin, R.},
	year = {1997},
	pages = {3--19}
}

@article{vanka1986,
	title = {Block-implicit multigrid solution of {Navier}-{Stokes} equations in primitive variables},
	volume = {65},
	doi = {10.1016/0021-9991(86)90008-2},
	number = {1},
	journal = {Journal of Computational Physics},
	author = {Vanka, S. P.},
	year = {1986},
	pages = {138--158}
}

@book{brandt2011,
	address = {Philadelphia},
	edition = {Rev. ed},
	title = {Multigrid techniques: 1984 guide with applications to fluid dynamics},
	shorttitle = {Multigrid techniques},
	publisher = {Society for Industrial and Applied Mathematics},
	author = {Brandt, A. and Livne, O. E.},
	year = {2011},
    doi = {10.1137/1.9781611970753}
}

@book{turek1999,
	title = {Efficient Solvers for Incompressible Flow Problems: an Algorithmic and Computational Approach},
	publisher = {Springer Berlin Heidelberg},
	author = {Turek, S.},
	year = {1999},
    doi = {10.1007/978-3-642-58393-3}
}

@article{iglesias_shape_2017,
	title = {Two-Dimensional Shape Optimization with Nearly Conformal Transformations},
	volume = {40},
	doi = {10.1137/17M1152711},
	number = {6},
	journal = {SIAM Journal on Scientific Computing},
	author = {Iglesias, Jos\'e A. and Sturm, Kevin and Wechsung, Florian},
	year = {2018},
	pages = {A3807--A3830},
}


@article{paganini_higher-order_2018,
	title = {Higher-Order Moving Mesh Methods for {PDE}-Constrained Shape Optimization},
	volume = {40},
	doi = {10.1137/17M1133956},
	number = {4},
	journal = {SIAM Journal on Scientific Computing},
	author = {Paganini, A. and Wechsung, F. and Farrell, P. E.},
	year = {2018},
	pages = {A2356--A2382},
}

@article{Hajasz:2008aa,
    author  = {Hajlasz, Piotr and Koskela, Pekka and Tuominen, Heli},
    journal = {Journal of Functional Analysis},
    number  = {5},
    pages   = {1217--1234},
    title   = {{Sobolev embeddings, extensions and measure density condition}},
    volume  = {254},
    year    = {2008},
    doi = {10.1016/j.jfa.2007.11.020}
}
@misc{Ridzal:2014aa,
    place={United States},
    title={{Rapid Optimization Library}},
    author={Ridzal, Denis and Kouri, Drew},
    year={2014},
    url={https://trilinos.org/packages/rol/}
}
@book{Elman:2014aa,
    author    = {H. C. Elman and D. J. Silvester and A. J. Wathen},
    year      = {2014},
    publisher = {{Oxford University Press}},
    title     = {{Finite Elements and Fast Iterative Solvers: With Applications in Incompressible Fluid Dynamics}},
    doi = {10.1093/acprof:oso/9780199678792.001.0001}
}
@book{Girault:1986aa,
    author    = {Girault, Vivette and Raviart, Pierre-Arnaud},
    booktitle = {Springer Series in Computational Mathematics},
    number    = {5},
    title     = {{Finite element methods for the Navier--Stokes equations: theory and algorithms}},
    volume    = {5},
    year      = {1986}
}
@Misc{petsc-web-page,
    author       = {Satish Balay and Shrirang Abhyankar and Mark~F. Adams and Jed Brown and Peter Brune
              and Kris Buschelman and Lisandro Dalcin and Victor Eijkhout and William~D. Gropp
              and Dinesh Kaushik and Matthew~G. Knepley
              and Lois Curfman McInnes and Karl Rupp and Barry~F. Smith
              and Stefano Zampini and Hong Zhang and Hong Zhang},
    title        = {{PETS}c {W}eb page},
    url          = {http://www.mcs.anl.gov/petsc},
    year         = {2016}
}

@TechReport{petsc-user-ref,
       author = {Satish Balay and Shrirang Abhyankar and Mark~F. Adams and Jed Brown and Peter Brune
                 and Kris Buschelman and Lisandro Dalcin and Alp Dener and Victor Eijkhout and William~D. Gropp
                 and Dinesh Kaushik and Matthew~G. Knepley and Dave~A. May and Lois Curfman McInnes
                 and Richard Tran Mills and Todd Munson and Karl Rupp and Patrick Sanan
                 and Barry~F. Smith and Stefano Zampini and Hong Zhang and Hong Zhang},
       title  = {{PETS}c Users Manual},
       institution = {Argonne National Laboratory},
       year   = 2018,
       number = {ANL-95/11 - Revision 3.10},
       url    = {http://www.mcs.anl.gov/petsc}
     }

@InProceedings{petsc-efficient,
    Author    = {Satish Balay and William D. Gropp and Lois Curfman McInnes and Barry F.  Smith},
    Title     = {Efficient Management of Parallelism in Object Oriented Numerical Software Libraries},
    Booktitle = {{Modern Software Tools in Scientific Computing}},
    Pages     = {{163--202}},
    Publisher = {{Birkh{\"{a}}user Press}},
    Year      = {1997},
	doi = {10.1007/978-1-4612-1986-6_8}
}
      
@article{Rathgeber:2016aa,
    author = {Rathgeber, Florian and Ham, David A and Mitchell, Lawrence and Lange, Michael and Luporini, Fabio and Mcrae, Andrew T T and Bercea, Gheorghe-Teodor and Markall, Graham R and Kelly, Paul H J and Ham, D A and Kelly, P H J},
    doi = {10.1145/2998441},
    journal = {ACM Transactions on Mathematical Software},
    number = {24},
    title = {Firedrake: Automating the Finite Element Method by Composing Abstractions},
    volume = {43},
    year = {2016}
}

@article{Allaire:2006aa,
    author   = {Allaire, Gr{\'e}goire and Pantz, Olivier},
    doi      = {10.1007/s00158-006-0017-y},
    journal  = {Structural and Multidisciplinary Optimization},
    number   = {3},
    pages    = {173--181},
    title    = {{Structural optimization with FreeFem++}},
    volume   = {32},
    year     = {2006}
}
@phdthesis{Sturm:2014aa,
    author = {Sturm, Kevin},
    school = {Technische Universit{\"{a}}t Berlin},
    title  = {{On Shape Optimization with Non-linear Partial Differential Equations}},
    year   = {2015}
}

@book{Ciarlet:2002aa,
    author     = {Ciarlet, Philippe G.},
    title      = {{The Finite Element Method for Elliptic Problems}},
    volume     = {40},
    year       = {2002},
    publisher  = {{Society for Industrial and Applied Mathematics}},
    doi={10.1137/1.9780898719208}
}

@article{Schmidt:2013aa,
    author  = {Schmidt, Stephan and Ilic, Caslav and Schulz, Volker and Gauger, Nicolas R.},
    doi     = {10.2514/1.J052245},
    journal = {AIAA Journal},
    number  = {11},
    pages   = {2615--2627},
    title   = {{Three-Dimensional Large-Scale Aerodynamic Shape Optimization Based on Shape Calculus}},
    volume  = {51},
    year    = {2013}
}
@book{Wilcox:1993aa,
    author    = {Wilcox, D.C.},
    booktitle = {Aiaa},
    doi       = {0963605151},
    pages     = {2905},
    pmid      = {28575603},
    title     = {{Turbulence modeling for CFD}},
    volume    = {93},
    year      = {1993}
}
@article{Farrell:2015aa,
    author    = {Farrell, P. E. and Birkisson, {\'{A}}. and Funke, S. W.},
    doi       = {10.1137/140984798},
    journal   = {SIAM Journal on Scientific Computing},
    number    = {4},
    pages     = {A2026--A2045},
    publisher = {Society for Industrial and Applied Mathematics},
    title     = {{Deflation techniques for finding distinct solutions of nonlinear partial differential equations}},
    volume    = {37},
    year      = {2015}
}
@phdthesis{Keuthen:2015aa,
    author = {Keuthen, Moritz Maximilian},
    school = {Technische Universit{\"{a}}t M{\"{u}}nchen},
    title  = {{Second Order Shape Optimization with Geometric Constraints}},
    year   = {2015}
}
@article{Keuthen:2014aa,
    author   = {Keuthen, Moritz and Ulbrich, Michael},
    doi      = {10.1007/s10589-014-9661-0},
    journal  = {Computational Optimization and Applications},
    number   = {1},
    pages    = {181--216},
    title    = {{Moreau-Yosida regularisation in shape optimization with geometric constraints}},
    volume   = {62},
    year     = {2014}
}
@article{Guo:2014aa,
    author   = {Guo, Xu and Zhang, Weisheng and Zhong, Wenliang},
    doi      = {10.1016/j.cma.2014.01.010},
    journal  = {Computer Methods in Applied Mechanics and Engineering},
    keywords = {Feature control,Level-set,Signed distance function,Topology optimization},
    pages    = {354--378},
    title    = {{Explicit feature control in structural topology optimization via level set method}},
    volume   = {272},
    year     = {2014}
}
@article{Allaire:2016aa,
    author    = {{Allaire, Gr{\'e}goire and Jouve, Fran{\c c}ois  and Toader, Anca Maria}},
    doi       = {10.1007/s00158-016-1453-y},
    journal   = {Structural and Multidisciplinary Optimization},
    keywords  = {level-set method,signed dist,thickness control},
    number    = {6},
    pages     = {1--41},
    publisher = {Springer Berlin Heidelberg},
    title     = {{Thickness control in structural optimization via a level set method}},
    volume    = {53},
    year      = {2016}
}

@article{Garcke:2015aa,
	title = {Shape optimization for surface functionals in {Navier}-{Stokes} flow using a phase field approach},
	volume = {18},
	issn = {1463-9963},
	doi = {10.4171/IFB/363},
	number = {2},
	journal = {Interfaces and Free Boundaries},
	author = {Garcke, Harald and Hecht, Claudia and Hinze, Michael and Kahle, Christian and Lam, Kei Fong},
	year = {2016},
	pages = {219--261},
}

@article{Bourdin:2003aa,
    author        = {Bourdin, Blaise and Chambolle, Antonin},
    doi           = {10.1051/cocv:2002070},
    journal       = {ESAIM: Control, Optimisation and Calculus of Variations},
    keywords      = {74P05,74P15,Mathematics Subject Classification 49Q20},
    pages         = {19--48},
    title         = {{Design-dependent loads in topology optimization}},
    volume        = {9},
    year          = {2003}
}
@article{Bendsoe:1989aa,
    author  = {Bends{\o}e, M. P.},
    doi     = {10.1007/BF01650949},
    journal = {Structural Optimization},
    number  = {4},
    pages   = {193--202},
    pmid    = {22047477},
    title   = {{Optimal shape design as a material distribution problem}},
    volume  = {1},
    year    = {1989}
}
@article{Sigmund:1998aa,
    title     = {Numerical instabilities in topology optimization: {A} survey on procedures dealing with checkerboards, mesh-dependencies and local minima},
    author    = {Sigmund, Ole and Petersson, Joakim},
    journal   = {Structural and Multidisciplinary Optimization},
    volume    = {16},
    number    = {1},
    pages     = {68--75},
    year      = {1998},
    publisher = {Springer},
    doi = {10.1007/BF01214002}
}
@book{Hinze:2009aa,
    author    = {Hinze, Michael and Pinnau, Rene and Ulbrich, Michael and Ulbrich, Stefan},
    publisher = {Springer},
    title     = {{Optimization with PDE Constraints}},
    year      = {2009},
    doi = {10.1007/978-1-4020-8839-1}
}
@book{Ekeland:1983aa,
    author = {Ekeland, Ivar and Turnbull, Thomas},
    pages  = {viii+166},
    title  = {{Infinite-dimensional optimization and convexity}},
    year   = {1983}
}
@article{Cai:2010aa,
    author  = {Cai, Jian-Feng and Osher, Stanley},
    doi     = {10.4310/MAA.2013.v20.n4.a2},
    journal = {UCLA CAM Report},
    pages   = {1--14},
    title   = {{Fast singular value thresholding without singular value decomposition}},
    year    = {2010}
}

%% Saved with string encoding Unicode (UTF-8) 

@book{Ito:2008aa,
    author    = {Ito, Kazufumi and Kunisch, Karl},
    doi       = {10.1137/1.9780898718614},
    pages     = {360},
    publisher = {Society for Industrial and Applied Mathematics},
    title     = {{Lagrange multiplier approach to variational problems and applications}},
    year      = {2008}
}
@article{Watson:1992aa,
    author   = {Watson, G. A.},
    doi      = {10.1016/0024-3795(92)90407-2},
    journal  = {Linear Algebra and Its Applications},
    number   = {C},
    pages    = {33--45},
    title    = {{Characterization of the subdifferential of some matrix norms}},
    volume   = {170},
    year     = {1992}
}
@article{Ito:2000aa,
    author  = {Ito, Kazufumi and Kunisch, Karl},
    doi     = {10.1016/S0362-546X(98)00299-5},
    journal = {Nonlinear Analysis: Theory, Methods {\&} Applications},
    number  = {5-6},
    pages   = {591--616},
    title   = {{Augmented Lagrangian methods for nonsmooth, convex optimization in Hilbert spaces}},
    volume  = {41},
    year    = {2000}
}
@book{Alt:2012aa,
    author    = {Alt, Hans Wilhelm},
    doi       = {10.1007/978-3-642-22261-0},
    publisher = {Springer Berlin Heidelberg},
    title     = {{Lineare Funktionalanalysis}},
    year      = {2012}
}
@book{Adams:2003aa,
    author    = {Adams, Robert and Fournier, John},
    edition   = {2nd},
    pages     = {305},
    publisher = {Academic Press},
    title     = {{Sobolev spaces}},
    year      = {2003}
}
@article{Sturm:2016aa,
    archivePrefix = {arXiv},
    arxivId       = {1608.02699},
    author        = {Sturm, Kevin},
    eprint        = {1608.02699},
    title         = {{Convergence of Newton's method in shape optimisation via approximate normal functions}},
    year          = {2016}
}
@article{Kirszbraun:1934aa,
    author  = {Kirszbraun, M. D.},
    journal = {Fund. Math.},
    pages   = {77 -- 108},
    title   = {{{\"{U}}ber die zusammenziehende und Lipschitzsche Transformationen}},
    volume  = {22},
    year    = {1934}
}
@article{Bello:1997aa,
    author    = {Bello, Juan Antonio and Fern{\'{a}}ndez-Cara, Enrique and Lemoine, J\'er\^ome  and Simon, Jacques},
    doi       = {10.1137/S0363012994278213},
    journal   = {SIAM Journal on Control and Optimization},
    number    = {2},
    pages     = {626--640},
    publisher = {Society for Industrial and Applied Mathematics},
    title     = {{The differentiability of the drag with respect to the variations of a Lipschitz domain in a Navier--Stokes flow}},
    volume    = {35},
    year      = {1997}
}
@article{Hofmann:2007aa,
    author    = {Hofmann, Steve and Mitrea, Marius and Taylor, Michael},
    doi       = {10.1007/BF02937431},
    journal   = {Journal of Geometric Analysis},
    number    = {4},
    pages     = {593--647},
    publisher = {Springer-Verlag},
    title     = {{Geometric and transformational properties of Lipschitz domains, Semmes-Kenig-Toro domains, and other classes of finite perimeter domains}},
    volume    = {17},
    year      = {2007}
}
@book{Evans:2015aa,
    author    = {Evans, Lawrence C. and Gariepy, Ronald F.},
    publisher = {CRC Press},
    title     = {{Measure Theory and Fine Properties of Functions}},
    year      = {2015},
    doi       = {10.1201/b18333}
}
@book{Grisvard:2011aa,
    author    = {Grisvard, Pierre},
    doi       = {10.1137/1.9781611972030},
    publisher = {Society for Industrial and Applied Mathematics},
    title     = {{Elliptic Problems in Nonsmooth Domains}},
    year      = {2011}
}
@article{Micheletti:1972aa,
    author  = {Micheletti, Anna Maria},
    journal = {Annali della Scuola Normale Superiore di Pisa},
    number  = {3},
    pages   = {683--694},
    title   = {{Metrica per familglie di domini limitati a propriet{\'{a}} generiche degli autovalori}},
    volume  = {26},
    year    = {1972}
}
@book{Delfour:2011aa,
    author    = {Delfour, Michel C. and Zol\'esio, Jean-Paul},
    publisher = {Society for Industrial and Applied Mathematics},
    title     = {{Shapes and Geometries: Metrics, Analysis, Differential Calculus, and Optimization}},
    year      = {2011},
    doi = {10.1137/1.9780898719826}
}
@book{Hinze:2010aa,
	title     = {Optimization with PDE Constraints},
	author    = {Hinze, M. and Pinnau, R. and Ulbrich, M. and Ulbrich, S.},
	series    = {Mathematical Modelling: Theory and Applications},
	year      = {2010},
	publisher = {Springer Netherlands}}

@inbook{Palacios:2015aa,
	Author    = {Francisco Palacios and Thomas D. Economon and Juan J. Alonso},
	Booktitle = {53rd AIAA Aerospace Sciences Meeting},
	Month     = {2016/09/25},
	Publisher = {American Institute of Aeronautics and Astronautics},
	Title     = {Large-scale aircraft design using SU2},
	Title1    = {AIAA SciTech},
	Year      = {2015}}

@article{Hadamard:1968aa,
	author  = {Hadamard, J.},
	title   = {M\'emoire sur le probl\`eme d'analyse relatif \`a l'\'equilibre des plaques \'elastiques encastr\'ees},
	journal = {\OE{}uvres},
	volume  = 2,
	year    = 1968,
	pages   = {515-631}}

@article{Hiptmair:2015aa,
	author     = {Hiptmair, R. and Paganini, A. and Sargheini, S.},
	title      = {Comparison of approximate shape gradients},
	journal    = {BIT},
	fjournal   = {BIT. Numerical Mathematics},
	volume     = {55},
	year       = {2015},
	number     = {2},
	pages      = {459--485},
	mrclass    = {65N30 (49Q12)},
	mrnumber   = {3348199},
	mrreviewer = {Aziz Belmiloudi},
	doi        = {10.1007/s10543-014-0515-z}
}
@book{Mohammadi:2001aa,
	title     = {Applied Shape Optimization for Fluids},
	author    = {Mohammadi, B. and Pironneau, O.},
	lccn      = {20010217},
	series    = {Numerical mathematics and scientific computation},
	year      = {2001},
	publisher = {Clarendon Press}
}
@article{Michor:2006aa,
	author    = {Peter W. Michor and David Mumford},
	journal   = {Journal of the European Mathematical Society},
	number    = {1},
	pages     = {1-48},
	publisher = {European Mathematical Society Publishing House},
	title     = {Riemannian geometries on spaces of plane curves},
	volume    = {008},
	year      = {2006},
}
@phdthesis{Paganini:2016aa,
	author  = "Paganini, Alberto",
	title   = "{N}umerical {S}hape {O}ptimization with {F}inite {E}lements",
	year    = 2016,
	address = "ETH Z{\"{u}}rich",
}
@article{Silvester:1994aa,
	author  = "David J. Silvester and Andrew Wathen",
	title   = {Fast Iterative Solution of Stabilised {Stokes} Systems Part {{II}}: Using General Block Preconditioners},
	journal = {SIAM Journal on Numerical Analysis},
	volume  = {31},
	number  = {5},
	pages   = {1352-1367},
	year    = {1994}
}
@article{VanderVorst:1992aa,
	author     = {van der Vorst, H. A.},
	title      = "{BI-CGSTAB: A Fast and Smoothly Converging Variant of BI-CG for the Solution of Nonsymmetric Linear Systems}",
	journal    = {SIAM J. Sci. Stat. Comput.},
	issue_date = {March 1992},
	volume     = {13},
	number     = {2},
	year       = {1992},
	pages      = {631--644},
	doi        = {10.1137/0913035},
	publisher  = {Society for Industrial and Applied Mathematics},
	address    = {Philadelphia, PA, USA},
} 
@article{Schulz:2012aa,
	title = "{A Riemannian view on shape optimization}",
	author = "Volker Schulz",
	version = "2",
	year = "2014",
	eprinttype = "arxiv",
	eprint = "arXiv:1203.1493"
}

@article{Schulz:2014aa,
	title = "{Structured inverse modeling in parabolic diffusion processess}",
	author = "Volker Schulz and Martin Siebenborn and Kathrin Welker",
	version = "2",
	year = "2015",
	eprinttype = "arxiv",
	eprint = "arXiv:1409.3464"
}

@article{Schulz:2015aa,
	title = "{Efficient PDE constrained shape optimization based on Steklov-Poincar\'e type metrics}",
	author = "Volker Schulz and Martin Siebenborn and Kathrin Welker",
	version = "5",
	year = "2016",
	eprinttype = "arxiv",
	eprint = "arXiv:1506.02244"
}

@book{Nocedal:2006aa,
   title     = "Numerical Optimization",
   author    = "Nocedal, Jorge and Wright, Steve J.",
   series    = "Springer Series in Operations Research and Financial Engineering",
   publisher = "Springer",
   address   = "Berlin",
   year      = 2006,
   doi = {10.1007/978-0-387-40065-5}
}
@book{Ayachit:2015aa,
	author    = "Ayachit, Utkarsh",
	title     = {The ParaView Guide: A Parallel Visualization Application},
	year      = {2015},
	publisher = {Kitware, Inc.},
	address   = {USA},
} 
@article {Geuzaine:2009aa,
	author    = {Geuzaine, Christophe and Remacle, Jean-Fran\c{c}ois},
	title     = {Gmsh: A 3-D finite element mesh generator with built-in pre- and post-processing facilities},
	journal   = {International Journal for Numerical Methods in Engineering},
	volume    = {79},
	number    = {11},
	publisher = {John Wiley \& Sons, Ltd.},
	doi       = {10.1002/nme.2579},
	pages     = {1309--1331},
	year      = {2009},
}
@Article{Dalcin:2011aa,
	Author  = {Lisandro D. Dalcin and Rodrigo R. Paz and Pablo A. Kler and Alejandro Cosimo},
	Title   = {Parallel distributed computing using {P}ython},
	Journal = {Advances in Water Resources},
	Note    = {New Computational Methods and Software Tools},
	Volume  = {34},
	Number  = {9},
	Pages   = {1124--1139},
	Year    = {2011},
	DOI     = {http://dx.doi.org/10.1016/j.advwatres.2011.04.013}
}

@phdthesis{Schmidt:2010aa,
	author    = "Stephan Schmidt",
	title     = "{Efficient Large Scale Aerodynamic Design Based on Shape Calculus}",
	year      = "2010",
	school    = "University of Trier, Germany"}

@article{schulz2016computational,
	title = {Computational Comparison of Surface Metrics for {PDE} Constrained Shape Optimization},
	volume = {16},
	doi = {10.1515/cmam-2016-0009},
	number = {3},
	journal = {Computational Methods in Applied Mathematics},
	author = {Schulz, Volker and Siebenborn, Martin},
	year = {2016},
	pages = {485--496},
}

@article{Schmidt:2014aa,
    author        = "Stephan Schmidt",
    title         = {A Two Stage {CVT} / {Eikonal} Convection Mesh Deformation Approach for Large Nodal Deformations},
    year          = "2014",
    eprint        = "arXiv:1411.7663",
    primaryClass  = "cs.NA"}

@misc{RiceCS,
	title = {Rice University Compressive Sensing Ressources},
	author = {http://dsp.rice.edu/cs}}

@article{Candes:2009aa,
	author="Cand{\`e}s, Emmanuel J.	and Recht, Benjamin",
	title="Exact Matrix Completion via Convex Optimization",
	journal="Foundations of Computational Mathematics",
	year="2009",
	volume="9",
	number="6",
	pages="717--772"}

@article{Davenport:2012aa,
	author = "Mark A. Davenport and Marco F. Duarte and Yonina C. Eldar and Gitta Kutyniok",
	title = {Introduction to compressed sensing}, 
	booktitle = {Compressed Sensing}, 
	publisher = {Cambridge University Press}, 
	year = {2012},
	pages = {1--64},
	note = {Cambridge Books Online}}

@article{Pati:1993aa, 
	author={Y. C. Pati and R. Rezaiifar and P. S. Krishnaprasad}, 
	booktitle={Signals, Systems and Computers, 1993. 1993 Conference Record of The Twenty-Seventh Asilomar Conference on}, 
	title={Orthogonal matching pursuit: recursive function approximation with applications to wavelet decomposition}, 
	year={1993}, 
	pages={40-44 vol.1}, 
	doi={10.1109/ACSSC.1993.342465}, 
}

@article{Mallat:1993aa, 
	author={S. G. Mallat and Zhifeng Zhang}, 
	journal={IEEE Transactions on Signal Processing}, 
	title={Matching pursuits with time-frequency dictionaries}, 
	year={1993}, 
	volume={41}, 
	number={12}, 
	pages={3397-3415}, 
	doi={10.1109/78.258082}, 
}

@article{Blumensath:2008aa,
	author = {Blumensath, Thomas and Davies, Mike E.},
	journal = {CoRR},
	title = {Iterative Hard Thresholding for Compressed Sensing},
	volume = {abs/0805.0510},
	year = 2008}

@article{Bah:2013aa, 
	author={B. Bah and J. Tanner}, 
	journal={IEEE Transactions on Information Theory}, 
	title={Vanishingly Sparse Matrices and Expander Graphs, With Application to Compressed Sensing}, 
	year={2013}, 
	volume={59}, 
	number={11}, 
	pages={7491-7508}, 
	doi={10.1109/TIT.2013.2274267}, 
}

@article{Donoho:2006aa, 
	author={D. L. Donoho}, 
	journal={IEEE Transactions on Information Theory}, 
	title={Compressed sensing}, 
	year={2006}, 
	volume={52}, 
	number={4}, 
	pages={1289-1306}, 
}

@article{Candes:2005aa, 
	author={E. J. Candes and T. Tao}, 
	journal={IEEE Transactions on Information Theory}, 
	title={Decoding by linear programming}, 
	year={2005}, 
	volume={51}, 
	number={12}, 
	pages={4203-4215}, 
	doi={10.1109/TIT.2005.858979}, 
}

@article{Jafarpour:2009aa, 
	author={S. Jafarpour and W. Xu and B. Hassibi and R. Calderbank}, 
	journal={IEEE Transactions on Information Theory}, 
	title={Efficient and Robust Compressed Sensing Using Optimized Expander Graphs}, 
	year={2009}, 
	volume={55}, 
	number={9}, 
	pages={4299-4308}, 
}

@article{Xu:2007aa, 
	author={W. Xu and B. Hassibi}, 
	booktitle={Information Theory Workshop, 2007. ITW '07. IEEE}, 
	title={Efficient Compressive Sensing with Deterministic Guarantees Using Expander Graphs}, 
	year={2007}, 
	pages={414-419}, 
	doi={10.1109/ITW.2007.4313110}, 
}

@article{Berinde:2008aa, 
	author={R. Berinde and P. Indyk and M. Ruzic}, 
	booktitle={Communication, Control, and Computing, 2008 46th Annual Allerton Conference on}, 
	title={Practical near-optimal sparse recovery in the L1 norm}, 
	year={2008}, 
	pages={198-205}, 
	doi={10.1109/ALLERTON.2008.4797556}, 
}

@article{Berinde:2009aa, 
	author={R. Berinde and P. Indyk}, 
	booktitle={Communication, Control, and Computing, 2009. Allerton 2009. 47th Annual Allerton Conference on}, 
	title={Sequential Sparse Matching Pursuit}, 
	year={2009}, 
	pages={36-43}, 
	doi={10.1109/ALLERTON.2009.5394834}, 
}

@article{Blanchard:2015aa, 
	author={J. D. Blanchard and J. Tanner and K. Wei}, 
	journal={IEEE Transactions on Signal Processing}, 
	title={Conjugate Gradient Iterative Hard Thresholding: Observed Noise Stability for Compressed Sensing}, 
	year={2015}, 
	volume={63}, 
	number={2}, 
	pages={528-537}, 
	doi={10.1109/TSP.2014.2379665}, 
}

@article{Yang:199aa,
    author = {Yang, David X. D. and El Gamal, Abbas},
    title = {Comparative analysis of SNR for image sensors with enhanced dynamic range},
    journal = {Proc. SPIE},
    volume = {3649},
    number = {},
    pages = {197-211},
    year = {1999},
    doi = {10.1117/12.347075}}

@Inbook{Cevher:2008aa,
    author    = "Cevher, Volkanand Sankaranarayanan, Aswinand Duarte, Marco F.and Reddy, Dikpaland Baraniuk, Richard G.and Chellappa, Rama",
    chapter   = "Compressive Sensing for Background Subtraction",
    title     = "Computer Vision -- ECCV 2008",
    year      = "2008",
    publisher = "Springer Berlin Heidelberg",
    address   = "Berlin, Heidelberg",
    pages     = "155--168",
}

@Inbook{Boche:2015aa,
    author    = "Holger Boche and Robert Calderbank and Gitta Kutyniok and Jan Vyb{\'i}ral",
    chapter   = "A Survey of Compressed Sensing",
    title     = "Compressed Sensing and its Applications: MATHEON Workshop 2013",
    year      = "2015",
    publisher = "Springer International Publishing",
    address   = "Cham",
    pages     = "1--39",
    doi       = "10.1007/978-3-319-16042-9_1"
}

@article{Vaezi:2013aa,
    author        = "Mojtaba Vaezi and Fabrice Labeau",
    title         = "Wyner-Ziv Coding in the Real Field Based on BCH-DFT Codes",
    year          = "2013",
    archivePrefix = "arXiv",
    eprint        = "1301.0297",
    primaryClass  = "cs.IT"}

@article{He:2013aa,
	author  = {Zaixing HE and Takahiro OGAWA and Miki HASEYAMA and Xinyue ZHAO and Shuyou ZHANG},
	title   = {A Compressed Sensing-Based Low-Density Parity-Check Real-Number Code},
	journal = {Radioengineering},
	volume  = {22},
	number  = {3},
	year    = {2013},
}

@article{Ma:2014aa,
	author    = {Yanting Ma and Dror Baron and Deanna Needell},
	title     = {Two-Part Reconstruction With Noisy-Sudocodes},
	journal   = {{IEEE} Trans. Signal Processing},
	volume    = {62},
	number    = {23},
	pages     = {6323--6334},
	year      = {2014},
	doi       = {10.1109/TSP.2014.2362892}}

@article{Tanner:2015aa,
	author = {Rodrigo Mendoza-Smith and Jared Tanner},
	title  = {Expander Parallel-l0 Decoding},
	year   = {2015}}

@article{Bhaktaviziam:1963aa,
	author  = {Bhaktaviziam, C and Mescon, H and Matoltsy, A},
	title   = {Shaving: I. study of skin and shavings},
	journal = {Archives of Dermatology},
	volume  = {88},
	number  = {6},
	pages   = {874-879},
	year    = {1963}}

@article{Hollander:1937aa,
	author = {Hollander, L and Casselmann, EJ},
	title = {Factors involved in satisfactory shaving},
	journal = {Journal of the American Medical Association},
	volume = {109},
	number = {2},
	pages = {95-101},
	year = {1937}}

@article {Breuer:1990aa,
	author = {Breuer, M.M. and Ackermann, C.S. and Pozzi, S. and Sneath, R.},
	title = {Measurement of beard hair removal efficacy using image analysis},
	journal = {International Journal of Cosmetic Science},
	volume = {12},
	number = {6},
	publisher = {Blackwell Publishing Ltd},
	pages = {229--241},
	year = {1990}}

@article{Fitt:1991aa,
	title = "On the optimum hand speed for two-blade razor shaving",
	author = "Fitt, {A. D.} and Lacey, {A. A.} and P. Wilmott",
	year = "1991",
	volume = "10",
	number = "3",
	pages = "122--126",
	journal = "Teaching Mathematics and its Applications",
}

@article{Colombini:2002aa,
	title = {Uniqueness and Nonuniqueness for Nonsmooth Divergence Free Transport},
	author = {Colombini, Ferrucio, Luo, Tao, Rauch, Jeffrey},
	journal = {Séminaire Équations aux dérivées partielles},
	pages = {1-21},
	publisher = {Centre de mathématiques Laurent Schwartz, École polytechnique},
	year = {2002-2003}}

@book{Teman:1985aa,
	Author = {Roger Teman},
	Date-Added = {2015-06-24 14:57:55 +0000},
	Date-Modified = {2015-06-24 15:00:03 +0000},
	Publisher = {Gauthier-Villars},
	Title = {Mathematical problems in plasticity},
	Year = {1985}}

@article{Suquet:1978aa,
	Author = {Suquet, Pierre M.},
	Date-Added = {2015-06-24 14:51:59 +0000},
	Date-Modified = {2015-06-24 14:53:17 +0000},
	Journal = {C. R. Acad. Sci. Paris S{\'e}r A},
	Pages = {1201-1204},
	Title = {Existence et r{\'e}gularit{\'e} des solutions der {\'e}quations de la plasticit{\'e} parfaite},
	Volume = {286},
	Year = {1978}}

@book{Matthies:1979aa,
	Address = {New York},
	Author = {H. Matthies and G. Strang and E. Christiansen},
	Date-Added = {2015-06-24 14:47:45 +0000},
	Date-Modified = {2015-06-24 14:51:26 +0000},
	Publisher = {Wiley},
	Series = {Energy Methods in Finite Element Analysis},
	Title = {The saddle point of a differential program},
	Year = {1979}}

@article{Mumford:1989aa,
	Author = {Mumford, D. and Shah, J.},
	Date-Modified = {2015-06-24 10:20:49 +0000},
	Journal = {Comm. Pure Appl. Math.},
	Month = jul,
	Number = {5},
	Pages = {577--685},
	Title = {{Optimal approximations by piecewise smooth functions and associated variational problems}},
	Volume = {42},
	Year = {1989}}

@article{Jordan:1881aa,
	Author = {Camille Jordan},
	Date-Added = {2015-06-24 10:10:10 +0000},
	Date-Modified = {2015-06-24 10:11:16 +0000},
	Journal = {C. R. Acad. Sci. Paris Tome},
	Pages = {228-230},
	Title = {Sur la s{\'e}rie de Fourier},
	Volume = {93},
	Year = {1881}}

@article{Dolcetta:1996aa,
	Author = {Italo Capuzzo Dolcetta and Benoith Perthame},
	Date-Added = {2015-06-23 13:08:42 +0000},
	Date-Modified = {2015-06-23 13:12:31 +0000},
	Journal = {Adv. Math. Sci Appl.},
	Pages = {689-703},
	Title = {On some analogy between different approaches to first order PDE's with nonsmooth coefficients},
	Volume = {6},
	Year = {1996}}

@article{Foote:1984aa,
	Author = {Robert L. Foote},
	Date-Added = {2015-06-17 09:26:45 +0000},
	Date-Modified = {2015-06-17 09:27:36 +0000},
	Journal = {Proceedings of the American Mathematical Society},
	Number = {1},
	Pages = {153-155},
	Title = {Regularity of the Distance Function},
	Volume = {92},
	Year = {1984}}

@article{Conti:2005aa,
	Author = {Sergio Conti and Daniel Faraco and Francesco Maggi},
	Journal = {Archive for Rational Mechanics and Analysis},
	Number = {2},
	Pages = {287--300},
	Title = {A new approach to counterexamples to L1 estimates: Korn's inequality, geometric rigidity, and regularity for gradients of separately convex functions},
	Volume = {175},
	Year = {2005}}

@article{Conti:2015aa,
	Archiveprefix = {arXiv},
	Author = {Sergio Conti and Matteo Focardi and Flaviana Iurlano},
	Eprint = {1502.07464},
	Title = {Which special functions of bounded deformation have bounded variation?},
	Year = {2015}}

@article{Ornstein:1962aa,
	Author = {Ornstein, Donald},
	Date-Modified = {2015-06-13 13:39:50 +0000},
	Doi = {10.1007/BF00253928},
	Journal = {Archive for Rational Mechanics and Analysis},
	Language = {English},
	Number = {1},
	Pages = {40-49},
	Publisher = {Springer-Verlag},
	Title = {A noninequality for differential operators in the L1 norm},
	Url = {http://dx.doi.org/10.1007/BF00253928},
	Volume = {11},
	Year = {1962},
	Bdsk-Url-1 = {http://dx.doi.org/10.1007/BF00253928}}

@article{Temam:1980aa,
	Author = {Temam, Roger and Strang, Gilbert},
	Date-Modified = {2015-05-27 15:44:16 +0000},
	Journal = {Archive for Rational Mechanics and Analysis},
	Number = {1},
	Pages = {7-21},
	Publisher = {Springer-Verlag},
	Title = {Functions of bounded deformation},
	Volume = {75},
	Year = {1980}}

@article{Suquet:1979aa,
	Author = {Suquet, Pierre M.},
	Date-Modified = {2015-05-27 15:44:05 +0000},
	Journal = {Annales de la facult{\'e} des sciences de Toulouse},
	Keywords = {Functional Space; Plasticity Problems; Trace; Boundary; 	Compact Embedding of Gagliardo Sobolev Type},
	Number = {1},
	Pages = {77-87},
	Publisher = {Universit{\'e} Paul Sabatier},
	Title = {Un espace fonctionnel pour les {\'e}quations de la plasticit{\'e}},
	Volume = {1},
	Year = {1979}}

@unpublished{Crippa:2015aa,
	Author = {Gianluca Crippa},
	Date-Added = {2015-05-12 10:58:09 +0000},
	Date-Modified = {2015-05-12 10:59:04 +0000},
	Month = {04},
	Title = {Private Communications},
	Year = {2015}}

@book{De-Lellis:2007aa,
	Author = {De Lellis, C.},
	Date-Added = {2015-04-16 13:51:49 +0000},
	Date-Modified = {2015-04-16 13:52:39 +0000},
	Number = {972},
	Publisher = {University of Zurich, Institute of Mathematics},
	Series = {S{\'e}minaire Bourbaki},
	Title = {Ordinary Differential Equations with Rough Coefficients and the Renormalization Theorem of Ambrosio [d'apr{\`e}s Ambrosio, DiPerna, Lions]},
	Url = {http://books.google.de/books?id=d9NQygAACAAJ},
	Year = {2007},
	Bdsk-Url-1 = {http://books.google.de/books?id=d9NQygAACAAJ}}

@article{DiPerna:1989aa,
	Author = {DiPerna, R.J. and Lions, P.L.},
	Date-Added = {2015-04-16 12:59:56 +0000},
	Date-Modified = {2015-04-16 12:59:56 +0000},
	Doi = {10.1007/BF01393835},
	Journal = {Inventiones mathematicae},
	Language = {English},
	Number = {3},
	Pages = {511-547},
	Publisher = {Springer-Verlag},
	Title = {Ordinary differential equations, transport theory and Sobolev spaces},
	Url = {http://dx.doi.org/10.1007/BF01393835},
	Volume = {98},
	Year = {1989},
	Bdsk-Url-1 = {http://dx.doi.org/10.1007/BF01393835}}

@article{Depauw:2002aa,
	Abstract = {Nous exposons un exemple de non unicit{\'e} du probl{\`e}me de Cauchy non caract{\'e}ristique pour l'{\'e}quation de transport associ{\'e} {\`a} un champ de vecteurs born{\'e}, {\`a} divergence nulle et n{\'e}anmoins {\`a} coefficients peu r{\'e}guliers},
	Affiliation = {Math{\'e}matiques, Facult{\'e} des sciences, 2 rue de la Houssini{\`e}re, BP 92208, F-44322 NANTES CEDEX 03},
	Author = {Depauw, Nicolas},
	Date-Added = {2015-03-19 13:32:18 +0000},
	Date-Modified = {2015-03-19 13:32:21 +0000},
	Journal = {S{\'e}minaire {\'E}quations aux d{\'e}riv{\'e}es partielles},
	Keywords = {noncharacteristic Cauchy problem; example of nonuniqueness},
	Language = {fre},
	Pages = {1-9},
	Publisher = {Centre de math{\'e}matiques Laurent Schwartz, {\'E}cole polytechnique},
	Title = {Non-unicit{\'e} du transport par un champ de vecteurs presque {$BV$}},
	Url = {http://eudml.org/doc/11061},
	Volume = {2002-2003},
	Year = {2002-2003},
	Bdsk-Url-1 = {http://eudml.org/doc/11061}}

@book{Giusti:1984aa,
	Address = {Boston},
	Author = {Giusti, Enrico},
	Date-Added = {2015-01-27 13:07:27 +0000},
	Date-Modified = {2015-01-27 13:07:33 +0000},
	Isbn = {0-8176-3153-4},
	Note = {Includes index},
	Publisher = {Birkh{\"a}user},
	Series = {Monographs in mathematics},
	Title = {Minimal surfaces and functions of bounded variation},
	Url = {http://opac.inria.fr/record=b1092192},
	Volume = {80},
	Year = 1984,
	Bdsk-Url-1 = {http://opac.inria.fr/record=b1092192}}

@article{Chen:2001aa,
	Author = {Chen, Gui-Qiang and Frid, Hermano},
	Date-Added = {2015-01-23 11:03:04 +0000},
	Date-Modified = {2015-01-23 11:03:04 +0000},
	Doi = {10.1007/BF01233674},
	Journal = {Boletim da Sociedade Brasileira de Matem{\'a}tica - Bulletin/Brazilian Mathematical Society},
	Keywords = {divergence-measure fields; normal traces; Gauss-Green theorem; product rules; Radon measures; conservation laws; Euler equations; gas dynamics; entropy solutions; entropy inequality; stability; uniqueness; vacuum; Cauchy problem; initial layers; boundary layers; initial-boundary value problems; Primary: 00-02; 26B20; 28C05; 35L65; 35B10; 35B35; Secondary: 26B35; 26B12; 35L67},
	Language = {English},
	Number = {3},
	Pages = {401-433},
	Publisher = {Springer-Verlag},
	Title = {On the theory of divergence-measure fields and its applications},
	Url = {http://dx.doi.org/10.1007/BF01233674},
	Volume = {32},
	Year = {2001},
	Bdsk-Url-1 = {http://dx.doi.org/10.1007/BF01233674}}

@book{Evans:1992aa,
	Address = {Boca Raton (Fla.)},
	Author = {Evans, Lawrence C. and Gariepy, Ronald F.},
	Publisher = {CRC Press},
	Series = {Studies in advanced mathematics},
	Title = {Measure Theory and Fine Properties of Functions},
	Year = 1992,
}

@article{Babadjian:2013aa,
	Archiveprefix = {arXiv},
	Author = {{Babadjian}, J.-F.},
	Eprint = {1308.5497},
	Journal = {ArXiv e-prints},
	Keywords = {Mathematics - Functional Analysis, Mathematics - Analysis of PDEs},
	Month = aug,
	Primaryclass = {math.FA},
	Title = {{Traces of functions of bounded deformation}},
	Year = 2013}

@article{Ambrosio:2005aa,
	Author = {Luigi Ambrosio and Gianluca Crippa and Stefania Maniglia},
	Date-Modified = {2015-04-16 12:59:24 +0000},
	Journal = {Annales de la facult{\'e} des sciences de Toulouse},
	Keywords = {finite deformation; DiPerna-Lions theory; bounded deformation},
	Language = {eng},
	Number = {4},
	Pages = {527-561},
	Publisher = {Universit{\'e} Paul Sabatier},
	Title = {Traces and fine properties of a {$BD$} class of vector fields and applications},
	Url = {http://eudml.org/doc/73657},
	Volume = {14},
	Year = {2005},
	Bdsk-Url-1 = {http://eudml.org/doc/73657}}

@article{Ambrosio:2004aa,
	Author = {Ambrosio, Luigi},
	Date-Modified = {2014-10-26 16:48:25 +0000},
	Doi = {10.1007/s00222-004-0367-2},
	Journal = {Inventiones mathematicae},
	Language = {English},
	Number = {2},
	Pages = {227-260},
	Publisher = {Springer-Verlag},
	Title = {Transport equation and Cauchy problem for BV vector fields},
	Url = {http://dx.doi.org/10.1007/s00222-004-0367-2},
	Volume = {158},
	Year = {2004},
	Bdsk-Url-1 = {http://dx.doi.org/10.1007/s00222-004-0367-2}}

@article{lawler:1995a,
	Author = {Gregory Lawler},
	Doi = {10.1214/EJP.v1-2},
	Fjournal = {Electronic Journal of Probability},
	Journal = {Electron. J. Probab.},
	Keywords = {Brownian motion,Hausdorff dimension, cut points, intersection exponent},
	Pages = {no. 2, 1-20},
	Title = {Hausdorff Dimension of Cut Points for Brownian Motion},
	Url = {http://ejp.ejpecp.org/article/view/2},
	Volume = {1},
	Year = {1995},
	Bdsk-Url-1 = {http://ejp.ejpecp.org/article/view/2},
	Bdsk-Url-2 = {http://dx.doi.org/10.1214/EJP.v1-2}}

@book{Ambrosio:2000aa,
	Author = {Ambrosio, L. and Fusco, N. and Pallara, D.},
	Date-Added = {2014-05-14 17:35:30 +0000},
	Date-Modified = {2014-05-14 17:35:37 +0000},
	Isbn = {9780198502456},
	Lccn = {99046602},
	Publisher = {Clarendon Press},
	Series = {Oxford Science Publications},
	Title = {Functions of Bounded Variation and Free Discontinuity Problems},
	Url = {http://books.google.co.uk/books?id=7GUMIh6-5TYC},
	Year = {2000},
	Bdsk-Url-1 = {http://books.google.co.uk/books?id=7GUMIh6-5TYC}}

@article{White:1998aa,
	Author = {Brian White},
	Date-Added = {2014-06-04 12:03:52 +0000},
	Date-Modified = {2014-06-04 12:05:13 +0000},
	Journal = {Journal of the American Mathematical Society},
	Month = jul,
	Number = {3},
	Pages = {693-701},
	Title = {A New Proof of Federer's Structure Theorem for k-Dimensional Subsets of RN},
	Volume = {11},
	Year = {1998}}

@misc{Werner:2002aa,
	Author = {Wendelin Werner},
	Date-Added = {2014-06-03 21:43:00 +0000},
	Date-Modified = {2014-06-03 21:46:00 +0000},
	Howpublished = {lecture notes for the 2002 Saint-Flour summer school},
	Month = jul,
	Title = {Random planar curves and Schramm-Loewner evolutions},
	Year = {2002}}

@book{Revuz:1999aa,
	Author = {Revuz, D. and Yor, M.},
	Date-Added = {2014-06-03 21:42:39 +0000},
	Date-Modified = {2014-06-03 21:45:49 +0000},
	Isbn = {9783540643258},
	Lccn = {98053189},
	Publisher = {Springer},
	Series = {Grundlehren der mathematischen Wissenchaften A series of comprehensive studies in mathematics},
	Title = {Continuous Martingales and Brownian Motion},
	Url = {http://books.google.de/books?id=1ml95FLM5koC},
	Year = {1999},
	Bdsk-Url-1 = {http://books.google.de/books?id=1ml95FLM5koC}}

@book{moertersperes:2006aa,
	Date-Added = {2014-06-03 21:41:39 +0000},
	Date-Modified = {2014-06-03 21:45:44 +0000},
	Publisher = {{Peter M\"orters and Yuval Peres}},
	Title = {Brownian Motion},
	Year = {2006}}

@book{Lawler:2005aa,
	Author = {Lawler, G.F.},
	Date-Added = {2014-06-03 21:40:03 +0000},
	Date-Modified = {2014-06-03 21:45:47 +0000},
	Isbn = {9780821836774},
	Lccn = {2004062341},
	Publisher = {American Mathematical Society},
	Series = {Mathematical surveys and monographs},
	Title = {Conformally Invariant Processes in the Plane},
	Url = {http://books.google.co.uk/books?id=JHMzab3u6U8C},
	Year = {2005},
	Bdsk-Url-1 = {http://books.google.co.uk/books?id=JHMzab3u6U8C}}

@book{Falconer:2003aa,
	Author = {Falconer, Kenneth},
	Citeulike-Article-Id = {2343698},
	Citeulike-Linkout-0 = {http://www.amazon.ca/exec/obidos/redirect?tag=citeulike09-20\&amp;path=ASIN/0470848626},
	Citeulike-Linkout-1 = {http://www.amazon.de/exec/obidos/redirect?tag=citeulike01-21\&amp;path=ASIN/0470848626},
	Citeulike-Linkout-2 = {http://www.amazon.fr/exec/obidos/redirect?tag=citeulike06-21\&amp;path=ASIN/0470848626},
	Citeulike-Linkout-3 = {http://www.amazon.jp/exec/obidos/ASIN/0470848626},
	Citeulike-Linkout-4 = {http://www.amazon.co.uk/exec/obidos/ASIN/0470848626/citeulike00-21},
	Citeulike-Linkout-5 = {http://www.amazon.com/exec/obidos/redirect?tag=citeulike07-20\&amp;path=ASIN/0470848626},
	Citeulike-Linkout-8 = {http://www.amazon.com/gp/search?keywords=0470848626\&amp;index=books\&amp;linkCode=qs},
	Date-Added = {2014-06-03 21:39:34 +0000},
	Date-Modified = {2014-06-03 21:45:51 +0000},
	Day = {14},
	Edition = {2},
	Howpublished = {Paperback},
	Isbn = {0470848626},
	Keywords = {fractal, intrinsic-dimension-estimation},
	Month = nov,
	Posted-At = {2008-02-06 22:54:53},
	Priority = {2},
	Publisher = {Wiley},
	Title = {{Fractal Geometry: Mathematical Foundations and Applications}},
	Url = {http://www.amazon.com/exec/obidos/redirect?tag=citeulike07-20\&amp;path=ASIN/0470848626},
	Year = {2003},
	Bdsk-Url-1 = {http://www.amazon.com/exec/obidos/redirect?tag=citeulike07-20%5C&amp;path=ASIN/0470848626}}

@book{Falconer:1986aa,
	Author = {Falconer, K.J.},
	Date-Added = {2014-06-03 21:38:43 +0000},
	Date-Modified = {2014-06-03 21:46:07 +0000},
	Isbn = {9780521337052},
	Lccn = {84012091},
	Publisher = {Cambridge University Press},
	Series = {Cambridge Tracts in Mathematics},
	Title = {The Geometry of Fractal Sets},
	Url = {http://books.google.de/books?id=-Kwp-GrimCIC},
	Year = {1986},
	Bdsk-Url-1 = {http://books.google.de/books?id=-Kwp-GrimCIC}}

@article{Miranda:1964aa,
	Author = {Miranda, Mario},
	Date-Modified = {2014-05-13 12:09:58 +0000},
	Journal = {Annali della Scuola Normale Superiore di Pisa - Classe di Scienze},
	Keywords = {differentiation and integration, measure theory},
	Number = {4},
	Pages = {515-542},
	Publisher = {Scuola Normale Superiore},
	Title = {Superfici cartesiane generalizzate ed insiemi di perimetro localmente finito sui prodotti cartesiani},
	Volume = {18},
	Year = {1964}}

@article{Ambrosio:1997aa,
	Author = {Luigi Ambrosio and Alessandra Coscia and Gianni Dal Maso},
	Date-Added = {2014-05-11 13:47:43 +0000},
	Date-Modified = {2014-05-11 13:47:54 +0000},
	Journal = {Arch. Rational Mech. Anal.},
	Pages = {201-238},
	Title = {Fine Properties of Functions with Bounded Deformation},
	Volume = {139},
	Year = {1997}}

@unpublished{Graham:2014aa,
	Author = {Ben Graham},
	Date-Added = {2014-04-30 14:13:07 +0000},
	Date-Modified = {2014-04-30 14:14:51 +0000},
	Month = jan,
	Note = {Warwick ST912 Course},
	Title = {Teaching your computer to read},
	Year = {2014}}

@book{Steinwart:2008aa,
	Author = {Steinwart, I. and Christmann, A.},
	Isbn = {9780387772424},
	Lccn = {2008932159},
	Publisher = {Springer},
	Series = {Information Science and Statistics},
	Title = {Support Vector Machines},
	Year = {2008}}

@book{Abe:2010aa,
	Author = {Abe, S.},
	Isbn = {9781849960984},
	Lccn = {2010920369},
	Publisher = {Springer},
	Series = {Advances in Computer Vision and Pattern Recognition},
	Title = {Support Vector Machines for Pattern Classification},
	Year = {2010}}

@article{Johnson:2012aa,
	Author = {Johnson, Valen E. and Rossell, David},
	Journal = {Journal of the American Statistical Association},
	Number = {498},
	Pages = {649-660},
	Title = {Bayesian Model Selection in High-Dimensional Settings},
	Volume = {107},
	Year = {2012}}

@incollection{Rossell:2013aa,
	Author = {Rossell, David and Telesca, Donatello and Johnson, Valen E.},
	Booktitle = {Statistical Models for Data Analysis},
	Editor = {Giudici, Paolo and Ingrassia, Salvatore and Vichi, Maurizio},
	Isbn = {978-3-319-00031-2},
	Pages = {305-313},
	Publisher = {Springer},
	Series = {Studies in Classification, Data Analysis, and Knowledge Organization},
	Title = {High-Dimensional Bayesian Classifiers Using Non-Local Priors.},
	Year = 2013}

@article{Johnson:2010aa,
	Author = {Valen E. Johnson and David Rossell},
	Journal = {Journal of the Royal Statistical Society Series B},
	Number = {2},
	Pages = {143-170},
	Title = {{On the use of nonlocal prior densities in Bayesian hypothesis tests}},
	Volume = {72},
	Year = 2010}

@techreport{Bahadur:1967aa,
	Author = {Bahadur, R.R. and Bickel, P.J.},
	Date-Added = {2014-04-26 17:56:37 +0000},
	Date-Modified = {2014-04-26 17:58:04 +0000},
	Institution = {University of Chicago, Chicago},
	Journal = {Technical Report},
	Title = {Asymptotic optimality of Bayes' test statistics},
	Year = {1967}}

@article{Walker:1969aa,
	Author = {Walker, A. M.},
	Journal = {Journal of the Royal Statistical Society. Series B (Methodological)},
	Number = {1},
	Publisher = {Wiley for the Royal Statistical Society},
	Title = {{On the Asymptotic Behaviour of Posterior Distributions}},
	Volume = {31},
	Year = {1969}}

@article{PolRob1994Bayes,
	Author = {{Nicholas G. Polson, Gareth O. Roberts}},
	Date-Added = {2014-01-19 18:15:54 +0000},
	Date-Modified = {2014-01-19 18:17:20 +0000},
	Journal = {Biometrika},
	Month = mar,
	Pages = {11-26},
	Title = {{Bayes Factors for Discrete Observations from Diffusion Processes}},
	Volume = {81},
	Year = {1994}}

@article{Kass:1995aa,
	Author = {Kass, Robert E. and Raftery, Adrian E.},
	Date-Added = {2014-01-18 17:32:35 +0000},
	Date-Modified = {2014-01-18 17:32:45 +0000},
	Journal = {Journal of the American Statistical Association},
	Keywords = {bayesian},
	Month = jun,
	Number = {430},
	Pages = {773--795},
	Priority = {2},
	Publisher = {American Statistical Association},
	Title = {{Bayes Factors}},
	Volume = {90},
	Year = {1995}}

@book{oksendal1998stochastic,
	Author = {{\O}ksendal, B.K.},
	Date-Added = {2014-01-18 14:31:44 +0000},
	Date-Modified = {2014-01-18 14:31:44 +0000},
	Isbn = {9783540637202},
	Lccn = {91041692},
	Publisher = {Springer},
	Series = {Universitext (1979)},
	Title = {Stochastic differential equations: an introduction with applications},
	Url = {http://books.google.co.uk/books?id=XGIPAQAAMAAJ},
	Year = {1998},
	Bdsk-Url-1 = {http://books.google.co.uk/books?id=XGIPAQAAMAAJ}}

@article{Xiu09fastnumerical,
	Author = {Dongbin Xiu},
	Date-Added = {2014-01-01 19:20:59 +0000},
	Date-Modified = {2014-01-01 19:21:04 +0000},
	Title = {Fast Numerical Methods for Stochastic Computations: A Review},
	Year = {2009}}

@article{NarayanXiu12,
	Author = {Narayan, Akil and Xiu, Dongbin},
	Date-Added = {2014-01-01 19:16:36 +0000},
	Date-Modified = {2014-01-01 19:17:01 +0000},
	Journal = {SIAM J. Scientific Computing},
	Number = 3,
	Title = {Stochastic Collocation Methods on Unstructured Grids in High Dimensions via Interpolation.},
	Volume = 34,
	Year = 2012,
	Bdsk-Url-1 = {http://dblp.uni-trier.de/db/journals/siamsc/siamsc34.html#NarayanX12}}

@article{Boor90onmultivariate,
	Author = {Carl de Boor and Amos Ron},
	Date-Added = {2014-01-01 19:15:02 +0000},
	Date-Modified = {2014-01-01 19:15:15 +0000},
	Title = {On Multivariate Polynomial Interpolation},
	Year = {1990}}

@article{berger1994bayesian,
	Author = {Berger, James and Moreno, El{\'\i}as and Pericchi, Luis and Bayarri, M. and Bernardo, Jos{\'e} and Cano, Juan and Horra, Juli{\'a}n and Mart{\'\i}n, Jacinto and R{\'\i}os-Ins{\'u}a, David and Betr{\`o}, Bruno and Dasgupta, A. and Gustafson, Paul and Wasserman, Larry and Kadane, Joseph and Srinivasan, Cid and Lavine, Michael and O'Hagan, Anthony and Polasek, Wolfgang and Robert, Christian and Goutis, Constantinos and Ruggeri, Fabrizio and Salinetti, Gabriella and Sivaganesan, Siva},
	Journal = {TEST: An Official Journal of the Spanish Society of Statistics and Operations Research},
	Number = {1},
	Pages = {5-124},
	Title = {An overview of robust Bayesian analysis},
	Volume = {3},
	Year = {1994}}

@book{xiu2010numerical,
	Author = {Xiu, D.},
	Isbn = {9781400835348},
	Publisher = {Princeton University Press},
	Title = {Numerical Methods for Stochastic Computations: A Spectral Method Approach},
	Year = {2010}}

@book{maitre2010spectral,
	Author = {Ma{\^\i}tre, O.P.L. and Knio, O.M.},
	Isbn = {9789048135202},
	Lccn = {2010921813},
	Publisher = {Springer},
	Series = {Scientific computation},
	Title = {Spectral Methods for Uncertainty Quantification: With Applications to Computational Fluid Dynamics},
	Year = {2010}}

@book{gilks1995markov,
	Author = {Gilks, W.R. and Richardson, S. and Spiegelhalter, D.},
	Isbn = {9780412055515},
	Lccn = {98033429},
	Publisher = {Taylor \&amp; Francis},
	Series = {Chapman \&amp; Hall/CRC Interdisciplinary Statistics},
	Title = {Markov Chain Monte Carlo in Practice},
	Year = {1995}}

@book{wasserman2004all,
	Author = {Wasserman, L.},
	Isbn = {9780387402727},
	Lccn = {2003062209},
	Publisher = {Springer},
	Series = {Springer Texts in Statistics},
	Title = {All of Statistics: A Concise Course in Statistical Inference},
	Year = {2004}}

@book{casella2002statistical,
	Author = {Casella, G. and Berger, R.L.},
	Isbn = {9780534243128},
	Lccn = {89027287},
	Publisher = {Thomson Learning},
	Series = {Duxbury advanced series in statistics and decision sciences},
	Title = {Statistical inference},
	Year = {2002}}

@book{durrett2010probability,
	Author = {Durrett, R.},
	Isbn = {9781139491136},
	Lccn = {2004541125},
	Number = {Bd. 3},
	Publisher = {Cambridge University Press},
	Series = {Cambridge Series in Statistical and Probabilistic Mathematics},
	Title = {Probability: Theory and Examples},
	Year = {2010}}

@book{chow2003probability,
	Author = {Chow, Y.S. and Teicher, H.},
	Isbn = {9780387406077},
	Lccn = {97009299},
	Publisher = {Springer},
	Series = {Springer Texts in Statistics},
	Title = {Probability Theory: Independence, Interchangeability, Martingales},
	Year = {2003}}

@book{oksendal2003stochastic,
	Author = {{\O}ksendal, B.},
	Isbn = {9783540047582},
	Lccn = {2007923169},
	Publisher = {U.S. Government Printing Office},
	Series = {Hochschultext / Universitext},
	Title = {Stochastic Differential Equations: An Introduction with Applications},
	Year = {2003}}

@book{ross2007second,
	Author = {ROSS, S.M.A. and PEKOZ, E.A.A.},
	Isbn = {9780979570407},
	Lccn = {2007930255},
	Publisher = {www.ProbabilityBookstore.com},
	Title = {A Second Course in Probability},
	Year = {2007}}

@book{breiman1992probability,
	Author = {Breiman, L.},
	Isbn = {9781611971286},
	Publisher = {{Society for Industrial and Applied Mathematics}},
	Series = {Classics in applied mathematics},
	Title = {Probability},
	Year = {1992}}

@book{williams1991probability,
	Author = {Williams, D.},
	Isbn = {9780521406055},
	Lccn = {gb90046351},
	Publisher = {Cambridge University Press},
	Series = {Cambridge mathematical textbooks},
	Title = {Probability with Martingales},
	Year = {1991}}

@book{grimmett2001probability,
	Author = {Grimmett, G. and Stirzaker, D.},
	Isbn = {9780198572220},
	Lccn = {2001034061},
	Publisher = {OUP Oxford},
	Series = {Probability and Random Processes},
	Title = {Probability and Random Processes},
	Year = {2001}}

@book{cox1977theory,
	Author = {Cox, D.R. and Miller, H.D.},
	Isbn = {9780412151705},
	Publisher = {Taylor \&amp; Francis},
	Series = {Science paperbacks},
	Title = {The Theory of Stochastic Processes},
	Year = {1977}}

@book{zeidler1995applied,
	Author = {Zeidler, E.},
	Isbn = {9780387944425},
	Lccn = {lc94043219},
	Publisher = {Springer},
	Series = {Applied functional analysis / Eberhard Zeidler},
	Title = {Applied Functional Analysis: Applications to Mathematical Physics},
	Year = {1995}}

@book{renardy2004introduction,
	Author = {Renardy, M. and Rogers, R.C.},
	Isbn = {9780387004440},
	Lccn = {2003042471},
	Publisher = {Springer},
	Series = {Texts in Applied Mathematics},
	Title = {An Introduction to Partial Differential Equations},
	Year = {2004}}

@book{evans2010partial,
	Author = {Evans, L.C.},
	Isbn = {9780821849743},
	Lccn = {2009044716},
	Publisher = {American Mathematical Society},
	Series = {Graduate studies in mathematics},
	Title = {Partial Differential Equations},
	Year = {2010}}

@misc{hollander2000stochastic,
	Author = {F. den Hollander, H. Maassen},
	Month = aug,
	Title = {Stochastic Analysis},
	Year = {2000}}

@book{karatzas1991brownian,
	Author = {Karatzas, I. and Shreve, S.E.},
	Isbn = {9780387976556},
	Lccn = {96167783},
	Publisher = {Springer},
	Series = {Graduate Texts in Mathematics},
	Title = {Brownian Motion and Stochastic Calculus},
	Year = {1991}}

@article{LSW43,
	Author = {Lawler, Gregory F. and Schramm, Oded and Werner, Wendelin},
	Journal = {Mathematical Review Letters},
	Pages = {13--24},
	Title = {The Dimension of the {Brownian} Frontier is {$4/3$}},
	Volume = 8,
	Year = 2001}
